2190 3900
343 349 533 403 nomnson
550 349 755 407 GBUSOEUS·
892 351 945 413 ‚1oe

148 483 292 546 bubulum
310 483 392 544 fumo
414 484 560 555 siccatam,
580 484 665 563 panis
682 486 793 546 nautici
809 485 944 560 frustum,

146 587 296 663 butyrum,
318 602 443 657 esserum.
464 585 582 662 vinique
601 584 736 664 lagenam
757 582 944 666 deprompsit,

148 684 318 763 cunctisque
335 705 444 746 mensae
457 686 488 745 in
501 685 634 746 cubiculo
656 685 788 766 praefecti
805 700 947 751 extructo

146 785 298 864 impositis,
312 806 379 847 cum
391 787 470 847 socio
482 787 513 846 in
526 786 604 846 sellis
617 786 757 846 consedit.
778 786 839 847 Hic
853 789 948 849 verbis
1052 845 1056 857 ,

149 887 274 966 exprimi
285 909 346 950 -non
356 900 452 969 potest
460 901 598 967 quantam
605 871 749 950 Robinson
759 909 797 948 ex
810 883 882 948 cibis
891 888 949 949 illis

104 1018 105 1022 ¹
148 980 365 1069 praestantibus,
384 992 479 1052 cultro
498 991 616 1053 tandem
628 1003 659 1052 et
680 990 763 1052 finct
782 992 949 1062 instructus,

149 1085 330 1173 voluptatem
348 1094 518 1175 perceperit,
537 1115 576 1154 ex
593 1114 668 1175 pane
686 1095 849 1173 praesertim
863 1113 950 1170 quem

148 1193 268 1259 illetam
280 1196 331 1257 diu
344 1197 452 1258 frustrb
470 1197 694 1258 desideraverat.
721 1195 790 1257 Hoc
805 1195 855 1274 qui
869 1195 949 1274 cogi·

147 1297 392 1378 tutionepenitds
414 1301 568 1380 complecti
587 1299 668 1372 velit,
693 1319 761 1360 eum
782 1299 951 1360 Rabiri-tonis

148 1381 238 1460 instar
256 1420 308 1477 per
321 1421 427 1460 novem
445 1421 536 1460 annos
560 1402 711 1481 continuos
732 1402 866 1461 omnibus
887 1403 950 1471 istis

152 1499 243 1578 copiis
256 1500 384 1576 vitaeque
396 1500 542 1579 praesidiis
555 1503 680 1560 caruisse
693 1514 817 1580 oportet.

192 1600 269 1661 Cium
277 1600 340 1680 jam
354 1600 429 1661 stati
441 1601 505 1660 vice
517 1622 597 1661 mare
609 1602 703 1661 redire
713 1602 857 1681 coepisset,
872 1615 950 1664 uter·

152 1719 209 1777 qne
229 1699 269 1758 ad
287 1710 380 1759 rotem
393 1699 551 1771 descendit,
562 1700 686 1779 cumque
702 1721 767 1760 eam
788 1701 949 1774 solvissent,

152 1801 255 1866 leniter
273 1802 349 1881 aqui
361 1802 516 1865 accedente
528 1803 567 1864 ad
586 1803 670 1864 littus
694 1804 793 1878 delati,
808 1826 878 1887 opes
891 1827 951 1867 ser·

68 1889 71 1898 ¹
152 1915 234 1964 vatas
247 1903 278 1962 in
291 1917 398 1966 terram
407 1905 734 1986 deportareproperant.
756 1905 835 1968 Tum
843 1906 953 1991 Frt‘dup
976 1977 980 1985 ¹

152 2008 328 2085 magnopere
338 2007 427 2085 gestit
437 2007 548 2068 discere
561 2007 626 2085 quis
636 2008 728 2069 exhis
736 2007 870 2070 omnibus
883 2031 953 2073 usus

153 2119 204 2167 aut
217 2126 284 2186 quae
298 2109 488 2171 commoditas
500 2111 611 2192 percipi
624 2124 732 2192 posset.
767 2113 910 2175 Robinson
920 2127 954 2177 ut

154 2211 347 2288 cognoscendi
355 2213 542 2292 cupiditatem
549 2213 682 2290 expleret
688 2227 756 2293 post
763 2216 955 2290 dumetumse

154 2313 265 2389 recipit,
285 2313 384 2389 rbique
400 2311 548 2372 indusium
564 2324 732 2390 vestemque
743 2315 954 2396 praesecticum
984 2352 991 2358 -

156 2412 261 2472 calceis
279 2425 310 2471 et
329 2410 475 2471 tibialibus
495 2412 609 2484 induit3
638 2409 702 2473 tum
722 2415 821 2494 gladio
843 2417 954 2477 cinctus

156 2511 291 2591 pileoque
312 2523 432 2572 ornatus
454 2513 550 2574 subito
575 2513 761 2593 progreditur
775 2508 868 2595 ¹atque
887 2529 955 2598 ante

157 2616 257 2678 oculos
268 2616 339 2678 socii
349 2617 579 2699 obstupescentis
589 2618 729 2680 consistit.
753 2604 955 2683 Illeattonitus

455 2753 667 2775 om

189 2825 288 2874 Mem
306 2811 445 2887 ectroctoe]
490 2827 572 2891 Upon
588 2826 635 2877 the
654 2826 727 2878 table
745 2827 833 2881 which
853 2829 886 2878 ha
903 2830 955 2881 had

158 2910 262 2973 spraud.

191 2993 224 3044 ln
236 2994 318 3055 sellia]
335 2994 418 3061 Upon
430 2994 524 3045 chnirs.
589 2987 824 3064 Profectoa1'l'be
839 2990 956 3064 captain.

193 3081 354 3148 Copitctioac
368 3081 473 3148 penitis
491 3081 637 3150 conplecti]
671 3071 844 3151 'l'horbughly
861 3087 892 3135 to
909 3099 946 3136 un

160 3167 296 3219 derstond.
746 3213 749 3217 .
831 3165 833 3168 ’
908 3165 911 3169 ’

192 3254 271 3304 Statu
285 3252 354 3319 vice]
387 3253 568 3307 Attbousuol
578 3259 651 3308 tima.

192 3334 548 3405 Pottdsmtoamre'cipt't]
579 3334 884 3405 'Golbohiudobcdga
910 3326 912 3331 ’
997 3353 1002 3364 ·
