2190 3900
198 359 231 413 ⁰0
391 362 581 416 {cosmon
597 363 798 416 OBUSOEUS·

197 489 282 554 fa'cile
295 495 418 574 cepisset
429 494 544 558 millis.
563 495 633 557 Hoc
645 509 742 557 autem
741 497 849 557 sdliuc
861 495 988 559 carebat

199 594 274 655 Cum
288 611 382 660 tamen
396 599 493 658 omnia
510 611 645 678 suscepta
660 600 799 678 prospere
811 621 839 659 e1
830 599 1014 661 hactenus

199 698 360 771 cessissent,
374 699 501 779 speravit
512 701 591 762 fore
590 713 624 762 ut
636 700 790 778 aliqrnndt
801 701 988 780 piscatorium

197 812 258 860 rete
271 802 326 860 sibi
340 802 503 862 conficeret.

238 901 296 961 His
304 905 393 961 rebus
402 902 620 979 jucundissimis
629 901 714 959 laetus
719 901 861 960 Robinson
868 921 906 960 ex
914 903 990 980 equi

198 1004 327 1081 emergit,
352 1004 417 1061 cirm
429 1002 531 1060 horam
552 1002 613 1061 fere
625 1001 766 1079 integram
779 1002 906 1061 natando
918 1023 989 1064 con·

197 1099 374 1182 sumpsisset.
405 1105 556 1162 indusium
570 1123 687 1181 quoque
699 1105 773 1163 aeris
782 1104 989 1183 calor'penit'ns

196 1207 371 1278 siccaverat3
393 1219 456 1265 tum
468 1206 517 1266 ille
530 1206 680 1286 voluptate
691 1207 771 1266 lintei
784 1207 885 1267 mundi
898 1207 987 1266 ⁴indu-

80 1339 82 1343 .
123 1330 125 1335 ·
196 1300 262 1366 endi
275 1308 390 1368 fruitur.
426 1305 428 1308 ’

92 1415 95 1418 ’
235 1408 311 1470 Ciun
337 1411 405 1469 vero
429 1428 506 1469 nunc
532 1411 729 1471 consuevisset
756 1424 859 1471 cuncta
878 1414 987 1471 attente

195 1512 336 1585 meditari,
347 1508 487 1590 ¹cogitavit
499 1513 574 1572 hanc
584 1514 763 1592 voluptatem
775 1534 834 1573 uon
847 1513 913 1572 fore'
921 1512 986 1570 diu·

196 1627 319 1687 tomam,
342 1616 367 1675 si
389 1616 506 1693 quidem
526 1616 582 1676 hoc
602 1618 687 1677 unico
706 1617 820 1676 indusio
839 1616 895 1675 sibi
910 1634 987 1675 nunc

195 1721 335 1780 utendum
349 1733 433 1791 esset,
441 1740 500 1798 quo
514 1722 603 1780 semel
617 1722 716 1781 attrito
729 1721 809 1780 nulla
821 1732 988 1797 suppeteret

194 1821 267 1879 ratio
280 1822 338 1895 que
351 1821 632 1896 eliud-compararet.
671 1821 749 1884 Quae
763 1820 900 1895 cogitatio
912 1840 986 1896 gau·

193 1920 275 1977 dium
287 1937 413 1975 moerore
422 1917 545 1975 miscuit.
576 1916 714 1974 Attamen
727 1916 822 1974 animo
831 1936 902 1975 mox
915 1936 985 1977 con·

193 2019 316 2089 firmato,
337 2019 456 2078 domum
476 2038 610 2077 reversus
631 2031 684 2087 est,
713 2021 826 2076 coeuam
851 2018 984 2096 sumpsit,
1049 2074 1057 2084 ,

192 2122 316 2198 cumque
328 2121 470 2181 Deum
441 2125 488 2200 pre
506 2121 655 2191 oravisset,
669 2119 782 2200 placide
803 2139 835 2180 se
856 2121 885 2179 in
906 2120 984 2231 lecto

192 2223 363 2302 composuit.
355 2265 392 2324 ,Ι

227 2367 317 2453 Omnis
327 2410 444 2468 suscepto
456 2399 592 2468 hactenus]
611 2403 699 2466 Every
707 2400 785 2467 thing
793 2399 878 2452 which
887 2398 919 2450 he
928 2397 980 2448 had

191 2488 308 2539 hitherto
319 2487 494 2539 undertakes.

224 2575 311 2632 Lentos·
320 2576 409 2624 ιιιιιιάἰ
419 2573 553 2636 imunt]
583 2573 623 2623 os
628 2573 738 2637 putting
748 2587 783 2622 on
795 2570 963 2638 cusentinos

184 2708 187 2716 ,
227 2659 310 2708 Nulla
320 2664 468 2733 suppeteret
478 2658 562 2724 ratio]
588 2658 678 2707 There
686 2658 771 2709 would
779 2658 812 2708 be
822 2669 964 2707 nomeuus.
