2190 3900
190 381 224 436 93
384 379 572 433 ΒΟΒΙΝΕΟΝ
586 379 789 434 GRUSOEUS.

189 511 278 575 modo
290 523 386 571 autem
398 531 489 588 grana
500 512 652 572 moliturus
667 513 745 571 erat?
760 512 907 590 quomodo
918 511 988 572 fari-

190 635 257 676 nam
270 614 381 673 furfure
393 616 586 692 purgaturus?
601 614 748 690 quomodo
757 614 873 674 tandem
881 634 989 692 panem

188 717 257 779 inde
285 728 428 785 cocturus,
453 715 519 774 curn
539 717 636 794 ignem
656 716 842 775 desideraret.
887 716 986 777 Nihil-

189 821 303 880 ominus
316 832 412 880 tamen
425 821 535 897 aliquot
552 821 646 897 spicas
660 820 728 878 inde
746 841 844 879 secum
857 821 986 891 abstulit,

189 940 312 998 quarum
333 938 425 995 grana
445 931 568 976 sereret:
598 917 720 988 Quidni,
747 920 788 979 ait
808 920 856 978 ille
878 940 986 991 aecum,

190 1022 253 1080 fieri
272 1020 364 1098 possit
384 1030 417 1076 ut
430 1039 468 1077 ex
480 1019 515 1077 iis
529 1020 654 1096 aliquam
668 1021 738 1079 olim
751 1021 904 1080 utilitatem
918 1042 986 1100 per-

189 1123 301 1201 cipiam.

230 1225 336 1284 Postea
347 1226 416 1282 verb
429 1223 536 1302 reperit
548 1241 664 1300 quoque
673 1227 807 1284 arborem
819 1226 991 1303 frugiferam,

190 1329 220 1386 in
233 1327 418 1404 quamantea
443 1344 502 1384 non
522 1325 669 1384 inciderat.
712 1326 854 1405 Capsulas
875 1348 988 1389 crassus

190 1431 347 1507 pendentes
360 1429 441 1498 vidit,
463 1449 586 1506 quarum
606 1450 694 1489 unam
707 1432 773 1490 crim
788 1432 986 1510 confregisset,

190 1534 341 1610 sexaginta
348 1532 461 1591 circiter
472 1532 553 1591 fabas
562 1532 679 1591 invenit.
705 1533 848 1598 Quamvis
856 1554 988 1612 saporem

186 1633 348 1714 jucundum
358 1636 388 1695 iu
401 1634 435 1693 iis
445 1653 503 1692 non
511 1634 750 1710 deprehenderet,
761 1647 887 1694 attamen
901 1656 987 1700 unam

189 1757 227 1797 ex
239 1739 274 1796 iia
287 1758 354 1815 quae
368 1737 422 1795 sibi
435 1736 575 1794 maturior
591 1736 654 1794 visa
670 1748 722 1807 est,
737 1758 816 1814 perae
831 1758 892 1797 suae
907 1759 986 1797 com·

188 1840 275 1899 misit.
318 1838 410 1894 Erant
429 1837 506 1893 fabae
529 1853 706 1905 closensem,
731 1842 748 1896 e
771 1839 876 1916 quibus
898 1850 986 1917 potus

189 1955 363 1998 caesorrcus
384 1948 513 2014 paratur.

197 2045 200 2055 ’
222 2039 355 2098 Tandem
364 2041 497 2098 arborem
507 2038 655 2116 ingentem
663 2042 719 2101 sibi
726 2043 846 2119 prorsus
855 2043 986 2121 ignotam

189 2140 306 2208 invenit,
322 2138 403 2216 cujus
417 2139 529 2196 fruetus
542 2159 630 2198 nuces
644 2160 772 2198 cocossae
785 2141 989 2215 mugnitudine

189 2246 352 2320 aequabant.
394 2241 455 2306 Qui
479 2263 544 2302 cum
566 2243 715 2322 putamina
732 2242 812 2300 nulla
837 2240 987 2315 haberent,

188 2365 320 2422 saporem
328 2344 397 2402 verit
401 2343 652 2422 jucundissimum,
661 2341 715 2400 toti
723 2340 835 2400 comedi
842 2353 987 2418 poterant.

189 2448 286 2510 Arbor
299 2451 362 2527 ipsa
373 2448 497 2507 multum
511 2447 657 2507 dissimilis
672 2459 734 2505 erat
747 2465 884 2504 cooossae.
918 2445 988 2509 Non

188 2548 265 2606 enim
274 2560 376 2606 trunco
390 2549 502 2606 tantirm
515 2548 665 2606 constabat
677 2547 728 2624 qui
741 2547 869 2623 erigitur,
887 2566 987 2623 quern.

189 2649 345 2709 admodum
351 2669 476 2720 cocossa,
484 2648 713 2707 necincoronam
721 2668 894 2726 magnorum
902 2650 987 2711 folio-

491 2761 685 2784 WHUOO

221 2819 352 2886 Furfure]
387 2823 469 2871 From
479 2820 526 2868 the
539 2815 616 2880 chad.

222 2909 300 2969 Olim]
333 2909 410 2958 Some
423 2905 486 2954 tima
497 2904 591 2954 henco.

222 2990 360 3059 capsulas]
395 2989 482 3041 Shells
494 3004 526 3039 or
537 2989 611 3053 pods.

220 3077 471 3142 Poluscacuotitstt]
505 3075 659 3127 ctooolots.

223 3164 297 3231 Tots‘]
331 3165 391 3214 The
402 3163 487 3214 wholo
498 3162 615 3229 olthem,
626 3177 655 3213 as
663 3163 726 3227 they
737 3165 790 3214 had
801 3164 920 3215 nothell.

220 3256 279 3303 Noa
291 3250 441 3310 constabat]
459 3270 462 3275 ’
473 3251 501 3301 lt
512 3250 558 3299 did
569 3253 619 3301 nol
631 3251 733 3304 censat
743 3250 778 3300 os.

219 3340 352 3408 Eriyiter]
389 3339 484 3393 arom
500 3338 618 3404 upright·

223 3426 365 3486 coronans]
396 3424 532 3478 Abunch.
