2190 3900
180 343 231 425 86Ι
372 349 560 402 aonmsont
577 351 779 404 ORUSOEUS.

183 481 299 557 quidem
313 481 363 542 tali
376 484 463 543 modo
477 498 624 545 assecutus
633 500 686 546 est
715 487 849 553 Quamor
863 490 972 554 arbori-

182 582 237 640 bus
247 585 388 662 contiguis
399 588 505 647 cortice
512 589 599 665 quim
606 588 751 648 levissimo
764 589 870 660 electis,
884 610 972 650 unam

60 752 67 767 x
182 703 249 761 quae
262 687 459 763 magnitudine
472 703 591 751 caeteras
603 694 765 770 superabat,
779 713 894 771 quoque
907 713 971 753 ves·

182 804 250 863 pere
270 786 376 848 lineolb
393 791 482 850 incisi
502 793 620 861 notavit,
638 812 705 869 quae
720 794 797 851 diem
809 794 974 855 absolutum

182 886 364 964 significaret
407 889 478 947 Post
503 891 605 948 incisas
632 896 741 965 septem
761 889 890 961 lineolas,
912 905 975 951 erat

182 987 247 1048 linis
267 989 465 1059 hebdomadae,
486 1002 517 1048 et
541 990 618 1049 hunc
639 989 785 1050 indicabat
804 1004 923 1051 exarata
942 994 974 1051 in

180 1092 314 1170 proximi
325 1094 427 1150 arbore
439 1092 522 1152 linea.
782 1100 785 1105 ’

220 1193 344 1259 Quoties
357 1195 387 1253 in
399 1195 489 1254 alteri
500 1195 555 1255 hte
569 1197 672 1256 arbore
685 1209 809 1276 quatuor
823 1212 873 1257 aut
886 1199 970 1275 quin-

181 1309 237 1372 que
252 1295 372 1355 lineolas
391 1297 586 1375 insculpserat,
608 1299 638 1357 in
659 1298 742 1358 tertii
762 1301 865 1358 arbore
884 1299 972 1358 simili

179 1397 255 1458 linei
270 1402 390 1459 notabat
408 1401 551 1477 integrum
564 1392 693 1460 mensem
706 1402 844 1480 elapsum.
886 1400 970 1460 Duo·

180 1500 274 1561 decim
288 1515 384 1562 autem
397 1503 478 1561 lineis
495 1503 649 1562 menstruis
665 1503 812 1572 absolutis,
824 1503 856 1562 in
869 1502 972 1579 quarte

180 1606 282 1665 arbore
302 1606 434 1683 signabat
450 1625 557 1664 annmn
578 1613 738 1683 peractum
764 1602 853 1663 'Cim
872 1617 970 1663 autem

179 1707 411 1784 mensesquique
423 1726 481 1766 non
491 1708 549 1766 siut
556 1708 619 1784 pari
631 1708 744 1766 dierum
756 1725 885 1774 numero,
898 1705 969 1765 vici·

178 1811 234 1870 bus
247 1799 372 1876 alteruis,
386 1810 503 1884 triginta
518 1809 576 1874 uni,
598 1808 715 1881 triginta
735 1819 765 1862 et
784 1826 874 1864 unum
887 1807 972 1867 alteri
1021 1854 1024 1859 .

178 1909 329 1977 incidebat,
352 1920 473 1984 excepto
493 1925 591 1965 mense
603 1905 747 1964 februario
760 1913 847 1981 quem
860 1917 928 1963 octo
940 1919 970 1965 et

178 2010 279 2088 viginti
293 2009 404 2068 tannim
416 2009 528 2067 lineolis
541 2008 717 2084 designabat.

211 2110 269 2170 His
276 2130 346 2186 ergo
354 2109 512 2178 annalibus,
520 2109 661 2167 Robinson
670 2120 830 2185 temporum
839 2109 969 2169 ordinem

177 2213 310 2282 servavit,
324 2212 457 2286 diemque
470 2211 642 2269 dominicam
655 2211 793 2273 acaeteris
800 2210 969 2288 dignoscere

176 2315 279 2396 pontit,
288 2333 375 2391 quom
387 2331 468 2371 more
480 2309 708 2371 Christianorum
719 2312 774 2371 rite
788 2313 951 2377 celebraret.

217 2419 337 2480 Interim
357 2428 420 2477 erat
442 2428 610 2495 consumpta
628 2416 756 2477 maxirna
774 2436 840 2494 pars
859 2435 966 2477 nucum

177 2543 303 2585 cooossae
326 2520 389 2601 ejus
408 2539 495 2597 quam
515 2540 602 2579 unam
620 2519 678 2579 huo
701 2537 792 2594 usque
812 2519 966 2588 invenerat,
1023 2524 1026 2528 ’

210 2728 455 2794 carosam]
490 2723 792 2790 withrery'thinberk.
908 2706 911 2710 ’

208 2822 312 2886 Μαι
324 2817 438 2886 serpere]
472 2812 694 2881 Ersryoseuiug.
741 2872 747 2881 Ι

206 2909 300 2972 tacut]
336 2901 577 2958 catinenses.

206 2995 245 3045 Et
262 2994 337 3054 tune,
357 2990 411 3053 ta]
446 2986 529 3036 ordo.
568 2985 606 3034 nt
626 2983 697 3034 lines
718 2989 827 3037 exarata
846 2984 916 3049 (cut)
934 2985 962 3034 iu

175 3079 295 3146 proxime
306 3076 399 3126 arbore
409 3069 546 3122 indicebat
553 3070 624 3120 huno
634 3069 692 3134 soil.
699 3069 778 3123 finem
787 3069 964 3121 hebdomadis.

206 3166 292 3214 Lincir
303 3158 450 3221 menstruis]
487 3157 611 3221 Montnty
622 3157 699 3207 lines.

205 3251 308 3302 Mem
319 3242 427 3311 quiqu]
460 3243 538 3295 Somc
548 3244 663 3295 months.

208 3336 330 3400 Trtffinta
340 3330 397 3396 sm']
432 3330 477 3381 He
489 3329 537 3380 cut
548 3328 642 3395 thirty,
658 3344 710 3380 ouo
720 3329 820 3382 mouth.
