2190 3900
206 403 238 451 74
398 402 587 454 ltomNsoN
603 404 805 456 CRUSOEUS.

206 535 375 613 potuissent,
388 536 550 614 espeluncd
558 538 677 597 feliciter
688 552 817 599 extracta
831 546 999 609 sunt‚'mox·

206 659 263 717 que
284 639 369 698 laetus
392 641 549 700 admodum
571 642 644 700 vidit
666 642 843 701 domicilium
863 654 1000 705 suumret

203 740 298 799 laxius
318 753 347 799 et
366 742 455 799 tutius
461 762 533 810 ,esse
546 742 633 818 quiam
644 743 736 799 antea.
779 741 797 798 J
799 762 845 799 am
859 743 934 800 enim
947 762 999 820 pa.

202 844 288 902 rietes
300 864 359 902 non
372 845 466 903 minus
480 843 566 920 quam
574 842 692 917 laquear
700 842 796 918 ipsum
804 861 875 900 saxo
885 856 998 902 consta-

201 950 280 1018 bant,
293 967 346 1005 nec
355 945 402 1004 vel
410 946 527 1003 minima
538 943 655 1020 quidem
662 944 736 1001 rima
743 945 978 1022 perspiciebatur.

234 1048 321 1106 Tunc
328 1047 367 1106 ad
374 1059 502 1106 montem
512 1046 690 1124 ignivomum
699 1046 749 1123 qui
757 1066 893 1124 vaporem
903 1061 1000 1110 atrurn

201 1149 330 1209 emittere
343 1148 472 1208 nondirm
480 1148 613 1220 desierat,
628 1149 747 1228 propius
756 1150 892 1208 accedere
901 1150 997 1219 audet.

202 1250 329 1310 Miratur
342 1251 488 1328 ingentem
503 1271 639 1310 saxorum
653 1251 875 1329 liquefactorum
886 1253 999 1332 copiam

199 1335 358 1432 quae'ionge
369 1352 485 1430 lateque
492 1353 598 1412 diffusa
606 1354 729 1413 necdum
738 1354 824 1414 etiam
830 1355 999 1432 refrigerata

199 1469 289 1516 erant.
317 1456 392 1516 Cium
404 1456 654 1515 animadvertisset
667 1457 760 1515 lavam
772 1457 886 1517 adeum
898 1456 997 1516 locum

199 1559 349 1620 effluxisse
368 1562 399 1619 in
425 1581 483 1638 quo
508 1561 607 1620 solane
628 1562 802 1632 crescebant,
823 1565 998 1640 magnopere

198 1666 295 1725 timuit
314 1687 351 1726 ne
372 1678 484 1726 torrens
501 1667 603 1745 igneus
616 1678 718 1726 *totam
739 1666 824 1724 istam
850 1665 997 1742 regionem

197 1773 347 1831 vastdsset.
391 1773 494 1847 Itaque
517 1772 583 1828 cirm
605 1772 640 1827 eb
653 1791 685 1827 se
699 1769 875 1837 contulisset,
889 1790 997 1846 magno

198 1892 264 1930 cum
283 1871 391 1948 gaudio
412 1878 515 1927 cuncta
536 1870 610 1927 bene
624 1889 656 1927 se
668 1869 775 1926 habere
796 1868 995 1946 deprehendit.

197 1970 238 2030 Et
252 1972 388 2031 continuo
402 1971 502 2030 statuit
522 1971 609 2029 variis
626 1970 655 2028 in
673 1970 803 2048 partibus
817 1969 919 2029 insulae
934 1992 996 2032 suae

197 2074 296 2141 solana
317 2094 420 2143 serere,
444 2093 481 2131 ne
502 2073 629 2132 fructum
643 2086 703 2131 tam
717 2074 866 2152 egregium
880 2075 995 2134 sinistro

196 2176 294 2256 aliquo
308 2197 377 2236 casu
391 2177 544 2236 amitteret.

236 2281 357 2343 Interim
378 2282 444 2342 cirm
462 2303 545 2341 mons
567 2281 680 2341 furnum
703 2283 832 2342 emittere
854 2281 995 2351 desiisset,

195 2384 339 2446 Robinson
352 2384 390 2451 ad
397 2383 458 2465 ejus
463 2386 575 2445 hiatum
583 2385 719 2447 accedere
728 2405 814 2444 ausus
823 2395 875 2443 est.
890 2382 996 2442 Latera

198 2508 314 2568 quoque
323 2502 352 2548 et
360 2488 448 2549 imam
460 2502 573 2569 partem
583 2490 646 2569 ejus
657 2485 722 2547 laod
729 2486 897 2565 refrigeratis
910 2505 994 2564 oper·

196 2602 256 2648 tam
269 2591 392 2655 invenit:
412 2591 535 2666 cirmque
548 2592 690 2667 nusquam
705 2588 750 2646 vel
763 2588 920 2660 minimum,
927 2588 995 2648 inde

196 2692 265 2752 oriri
278 2691 518 2762 fumum'videret,
529 2712 588 2751 non
600 2691 661 2748 sine
669 2688 812 2768 probabili
821 2687 993 2753 causaberis·

196 2793 309 2854 timavit
321 2793 419 2871 ignem
438 2795 656 2854 subterraneum
675 2787 790 2871 penitus
808 2792 992 2864 exstinctum,

195 2916 289 2977 neque
302 2896 331 2954 in
345 2908 493 2973 posterum
508 2893 563 2952 sibi
583 2893 724 2973 ejusmodi
738 2895 917 2973 eruptionem
930 2915 993 2954 esse

493 3021 703 3042 {mmm

227 3091 337 3151 Larius]
371 3088 560 3152 Moreroomy.
787 3149 788 3153 Ἰ

227 3179 341 3229 Necdum
349 3179 427 3225 etiam
434 3175 594 3239 refriqeruto
602 3171 690 3237 oront]
711 3172 770 3222 Anu
781 3170 868 3222 which
879 3171 931 3222 hod
942 3179 991 3223 not

193 3261 376 3328 yetgotcold.

227 3351 328 3401 Cuncta
341 3350 401 3399 bene
413 3364 438 3398 te
450 3346 555 3410 babere]
577 3362 579 3367 ⁴
593 3346 632 3397 All
643 3360 695 3396 was
712 3344 793 3411 right.

227 3433 362 3502 opertam]
398 3432 527 3484 covered,
635 3425 639 3430 ’
