2190 3900
58 394 62 398 ’
159 396 207 446 170
347 389 536 443 noamson
553 388 758 442 causano&

186 532 243 593 Ille
250 528 683 591 intereaoceaoumimmensum
691 527 784 588 oculis
791 528 959 608 perlustrat,

157 637 182 694 si
208 633 283 693 sorte
309 651 413 692 novem
438 631 545 691 alicubi
568 631 660 710 possit
680 630 855 710 conspicere.
899 632 959 694 Sed

157 736 279 805 frustrb3
295 754 333 794 ex
345 754 389 804 eo,
403 732 547 794 intellexit
556 752 588 793 se
597 752 716 802 errasse,
726 751 822 811 neque
833 735 957 814 amplios

155 837 302 899 dubitavit
318 836 443 896 sonitum
459 835 543 895 illum
556 825 643 914 qnam
659 824 796 895 tormenti
808 835 955 916 fragorem

153 953 237 1002 ratus
257 950 319 999 erat
337 939 434 1018 ipsum
454 938 562 998 tonitru
586 936 685 996 fuisse.
741 937 844 1016 Itaque
865 938 956 999 tristis

156 1044 277 1104 domum
289 1041 374 1102 rediit
387 1041 466 1120 quod
478 1059 531 1120 sps
544 1051 604 1100 tam
614 1037 684 1100 loeti
692 1039 788 1100 denuo
801 1040 956 1102 frustratus

155 1157 242 1204 esset.

196 1246 243 1307 Ibi
256 1223 352 1314 autem
364 1223 544 1324 requiescere
561 1245 646 1324 plane
659 1263 718 1304 non
730 1245 834 1324 potuit,
848 1245 954 1326 qnippe
990 1252 993 1258 “

156 1349 253 1426 imago
265 1326 351 1406 navis¹
363 1343 514 1425 cujusdam
527 1344 566 1404 ad
578 1344 702 1404 insulam
724 1344 856 1423 appulsae
868 1348 957 1407 menti

156 1429 218 1529 ejus
232 1466 346 1526 semper
359 1448 575 1507 obversabatur.
611 1445 747 1507 Montem
758 1445 849 1534 igitur
859 1446 954 1507 denno

154 1550 322 1610 conscendit
346 1549 425 1609 unde
450 1568 502 1608 ora
528 1548 674 1610 orientalis
697 1550 826 1628 conspici
847 1560 953 1636 posset,

54 1728 56 1732 Ι
155 1652 278 1730 cirmque
298 1650 336 1711 ad
355 1670 501 1710 summum
521 1651 708 1730 pervenisset,
729 1651 790 1712 acie
803 1651 953 1712 oculorum

153 1755 298 1814 orientem·
316 1754 417 1812 versis
437 1752 556 1822 dircen,
577 1755 653 1814 bone
675 1753 777 1814 Deus!
799 1754 887 1833 quim
908 1753 955 1815 ille

153 1856 270 1913 laetatus
279 1855 366 1913 simul
378 1861 466 1933 atque
478 1854 618 1914 attonitus
631 1855 707 1916 fuitt
718 1872 832 1941 'navem
844 1855 954 1919 scilicet

153 1975 342 2034 permagnam
355 1956 495 2036 conspicit
508 1968 625 2036 tamque
643 1957 802 2037 perspicue,
817 1956 873 2017 etsi
886 1956 954 2018 satis

153 2054 241 2131 longe
254 2055 363 2124 aberat,
383 2066 417 2114 ut
438 2055 509 2115 nihil
520 2055 646 2136 amplios
660 2068 824 2136 superesset
836 2057 951 2118 dubita·

152 2156 248 2214 tionis.
290 2156 369 2216 Tum
389 2157 438 2217 ille
458 2159 595 2220 anhelans
618 2159 656 2221 ad
677 2176 773 2228 arcem
794 2141 950 2233 recurrere,

153 2281 252 2322 arcum
264 2261 399 2341 arripere,
414 2263 551 2342 socioque
563 2265 778 2343 obstupescenti
798 2264 872 2324 nihil
883 2284 951 2345 pro«

151 2365 226 2424 ferre
238 2365 422 2445 praeterhac
435 2367 540 2426 verba:
562 2385 600 2426 cn
612 2366 734 2427 adsunt!
770 2365 849 2428 Tum
862 2368 949 2445 quim

150 2467 331 2527 velocissimo
342 2487 375 2543 se
386 2467 518 2546 proripit.

123 2585 125 2592 ·
190 2570 455 2649 nnuyoomnum
468 2568 548 2630 aaa
561 2569 648 2628 animi
660 2551 878 2653 perturbatione
891 2582 948 2631 ne·

149 2671 306 2752 pidantcm,
320 2683 408 2750 atque
415 2674 505 2732 rerba
517 2671 654 2750 quadam
667 2672 791 2751 abrupta
799 2673 948 2751 proferen-

149 2785 209 2834 tem
223 2757 334 2845 videns,
347 2775 488 2833 barbaros
502 2773 604 2833 adesse
616 2773 801 2833 existimavit.
844 2772 948 2853 Itaque

146 2873 196 2933 ille
209 2893 324 2953 quoque
344 2857 431 2933 armis
445 2874 584 2953 correptis
598 2874 699 2934 eidem
723 2874 871 2937 celeritate
887 2875 947 2937 Ro·

146 2978 284 3037 binsonem
297 2987 412 3037 secutus
427 2989 481 3037 est.

437 3090 647 3112 N‘OMONWO

178 3160 342 3220 Perlrutrat]
376 3157 501 3220 Survsys.

174 3245 233 3294 Acie
243 3245 374 3294 oculorum
384 3243 496 3306 directo]
532 3242 641 3307 Having
653 3246 710 3293 onst
720 3241 761 3292 his
771 3229 847 3308 ὀγθθ.

173 3326 317 3392 Anhelans]
351 3327 510 3378 Breathloss.

172 3409 367 3477 proferentem]
400 3413 538 3477 Uttaring.
