2190 3900
161 424 207 472 100
353 417 540 470 ROBINSON
557 418 758 474 GRUSOEUS.

160 554 248 632 igitur
260 552 318 641 diei
330 552 560 611 distributionem
579 552 673 611 facere
693 552 829 624 decrevit,
843 567 877 614 ut
889 555 954 616 cui·
1036 576 1039 591 ⁴

157 650 230 713 libet
238 655 318 712 horae
327 673 397 712 suus
405 653 567 711 essetlabor
575 653 746 730 assignatus.
762 652 953 733 Experientid

158 756 235 813 enim
248 755 368 813 edoctus
380 767 443 813 erat
455 754 526 812 nihil
539 753 642 831 majori
650 755 688 812 ad
700 755 870 816 industriam
881 779 952 838 pro·

157 857 330 940 movendam
345 855 511 934 adjumento
527 874 598 926 esse,
615 856 703 932 quim
720 856 785 915 crim
803 872 883 918 certo
899 881 949 920 or·

158 959 225 1016 dine
238 957 312 1016 inter
324 954 451 1034 singulas
460 954 517 1014 diei
526 955 612 1014 horas
625 956 708 1016 labor
720 960 786 1036 apte
798 958 949 1022 dividitur.

157 1058 400 1136 Multiplexenim
409 1057 441 1116 fit
454 1071 665 1118 momentorum
673 1081 809 1121 numerus
816 1082 883 1138 quae
893 1084 949 1123 suo

155 1178 280 1236 quaeque
292 1178 346 1216 usu
360 1156 586 1245 distinguuntur.

154 1259 159 1286 ¹
194 1259 298 1336 Itaque
311 1279 376 1317 cum
391 1258 452 1318 sole
465 1243 583 1336 surgere
601 1248 789 1322 consueverat
808 1274 895 1340 atque
907 1264 947 1324 ad

154 1363 262 1423 iontem
272 1382 303 1420 se
311 1361 449 1432 conferre,
456 1372 489 1420 ut
497 1373 592 1440 caput,
601 1382 712 1434 manus,
720 1372 831 1441 pectus,
841 1365 945 1442 pedes·

153 1466 373 1544 queablueret.³
392 1457 506 1523 Deinde
515 1464 634 1524 domurn
647 1485 779 1525 reversus
792 1478 885 1525 vestes
899 1468 945 1527 in·

151 1568 267 1627 duebat.
304 1566 373 1631 Quo
386 1564 472 1635 facto,
482 1565 585 1624 collem
593 1567 739 1643 speluncae
748 1568 944 1629 imminentem

150 1669 350 1739 conscendere,
357 1667 645 1746 undelongelateque
651 1668 942 1749 circumspicerepos-

150 1785 202 1852 set,
216 1786 303 1850 atque
315 1772 355 1829 ibi
368 1772 398 1828 in
410 1790 506 1848 genua
516 1781 662 1847 postratus
675 1791 774 1849 preces
787 1769 943 1834 matutinas

148 1861 195 1953 iiie
208 1872 337 1940 fundere,
347 1870 500 1947 Deumque
513 1855 595 1928 orare
605 1890 659 1947 pro
673 1873 824 1932 carissimis
836 1870 942 1951 paren·

150 1975 227 2057 tibus
241 1993 316 2051 quos
322 1972 486 2031 deseruerat
496 1971 621 2048 quidem,
631 1976 778 2053 nunqudm
786 1975 854 2034 verb
867 1975 942 2036 obli·

149 2085 195 2131 tus
209 2083 263 2130 est.
285 2068 363 2129 Tum
376 2069 467 2128 lamas
478 2069 607 2147 mulgere
621 2091 742 2148 quarum
755 2093 874 2150 gregem
882 2095 941 2134 non

148 2174 188 2260 ita
202 2171 440 2233 contemnendum
455 2170 594 2250 paulatim
611 2171 790 2231 educaverat.
825 2173 941 2236 Deinde

149 2277 275 2355 aliquam
293 2274 376 2335 lactis
392 2288 506 2354 partem
523 2274 646 2333 haurire.
688 2271 724 2332 In
738 2273 842 2351 quibus
855 2295 941 2353 pera-

146 2356 249 2465 dendis
262 2377 355 2457 prima
364 2376 420 2435 diei
433 2376 505 2435 hora
517 2375 678 2435 effluxerat.

187 2479 266 2559 Tum
275 2477 409 2565 omnibus
417 2480 504 2563 rebus
514 2478 671 2537 instructus
680 2499 746 2556 quae
756 2499 806 2538 seu
816 2478 853 2537 ad
862 2491 940 2540 tute-

141 2562 279 2660 ,lam‘suit
293 2575 344 2638 seu
358 2579 395 2637 nd
408 2579 537 2639 laborem
550 2579 734 2662 pertinerent,
754 2581 814 2639 ibat
830 2581 877 2640 vel
899 2582 956 2642 ad1

146 2674 237 2769 littus,
259 2679 284 2761 si
296 2658 377 2757 mere
388 2674 535 2763 recederet
547 2690 657 2759 ostreas
670 2677 699 2737 in
711 2681 863 2758 prandium
877 2683 938 2743 col·

145 2768 291 2866 lecturus„
300 2770 347 2863 uel
366 2776 548 2839 aderborem
561 2798 599 2836 ex
612 2778 669 2855 quei
682 2800 784 2840 navem
797 2766 938 2852 fabricare

143 2872 291 2962 statuerat.
306 2861 310 2871 ⁴
328 2874 333 2883 '
359 2935 362 2940 .
466 2876 470 2885 '

146 2958 152 2986 ί
183 2976 365 3042 Sub‘imr'am
386 2978 536 3052 decimam,
558 3002 624 3041 cum
642 2982 699 3043 diei
709 2984 936 3048 fervidissimum

143 3102 256 3168 tempus
263 3084 847 3175 esset,laboremRobinsonintcnnittebat.
857 3089 937 3151 Tum

469 3223 644 3261 euueeeeefo

145 3347 155 3375 ι,
171 3258 388 3392 ‘'imicitigdil
403 3310 434 3360 Is
445 3324 521 3380 many
534 3310 612 3382 times
624 3289 771 3383 incresscd
858 3276 860 3281 ·

168 3403 221 3453 Suo
233 3415 339 3466 quaque
350 3397 410 3463 usu]
451 3399 525 3449 Each
537 3397 578 3450 ror
589 3397 627 3453 its
638 3390 750 3473 dlqttcd
761 3416 887 3487 purpose.
