2190 3900
334 407 528 461 ΙΟΒΙΝΒΟΝ
545 410 749 464 cumanus.
906 406 939 461 0

145 562 203 622 que
215 563 276 602 nox
290 545 393 601 oborta
402 555 473 602 erat.
495 541 679 621 Qusqnidsm
692 555 776 604 nocte
785 544 940 606 tristiorem

146 664 294 721 nunquam
307 643 356 701 ille
372 644 500 720 degerat.

190 747 325 805 Vicissim
334 760 383 806 aut
392 748 500 824 frigore
508 749 688 818 contremuit,
697 760 748 806 sut
753 749 825 807 arsit
836 749 940 820 calore,

150 850 333 908 acerbissimo
346 851 540 927 continuoque
552 852 654 929 capitis
667 850 768 910 dolore
780 853 940 922 cruciatus3

149 971 242 1028 neque
255 971 356 1009 somno
369 963 514 1011 recreatus
536 965 588 1011 est.
631 951 747 1018 anus
766 951 850 1011 malis
870 952 943 1012 adei

129 1077 131 1080 ⁴
150 1052 258 1112 fractus
272 1053 337 1122 fuit,
352 1067 386 1111 ut
397 1049 629 1131 proximo'mane
640 1056 691 1117 vix
711 1065 810 1133 posset
829 1065 944 1132 reptare

151 1152 188 1210 sd
201 1152 282 1231 ligna
293 1152 397 1213 alendo
410 1154 471 1231 igni
483 1156 651 1214 necessaria.
671 1209 676 1219 .

190 1256 240 1315 Ad
252 1277 401 1336 vesperem
413 1260 533 1324 moritus
546 1259 728 1336 ingravescit.
759 1257 869 1317 Iterum
882 1256 944 1334 igni

151 1380 255 1438 corpus
264 1383 376 1440 aegrum
386 1363 539 1421 admovere
549 1375 700 1422 conantem
708 1363 784 1422 vires
794 1361 941 1421 deficiunt.

151 1463 253 1539 Itaque
273 1485 350 1522 nunc
371 1484 437 1542 spes
457 1465 551 1522 omnis
572 1465 671 1524 salutis
695 1464 857 1544 abjicienda
877 1463 942 1521 fuit.

111 1582 114 1589 ·
149 1563 274 1640 Jamque
287 1579 349 1625 erat
361 1568 562 1643 expectatione
572 1566 683 1624 mortis.
991 1640 994 1651 ι

192 1665 263 1723 Nox
282 1667 338 1726 ista
359 1668 499 1745 superiori
520 1666 619 1726 similis
640 1669 713 1736 fuit3
735 1667 811 1744 ignis
831 1666 944 1725 interim

153 1766 296 1827 extinctus
313 1781 374 1838 est3
396 1788 472 1845 aqua
483 1771 513 1827 in
531 1770 647 1828 conchis
661 1769 942 1848 coepitputrescere3

149 1867 293 1927 Robinson
308 1883 404 1928 autem
420 1870 492 1929 adesi
509 1872 618 1929 viribus
632 1871 763 1930 desertus
780 1882 833 1941 est,
848 1883 881 1928 ut
894 1871 945 1929 vix

152 1992 182 2031 se
195 1973 225 2030 in
237 1973 313 2032 lecto
326 1994 507 2034 commovere
523 1975 641 2034 valeret.
684 1975 814 2034 Mortem
829 1976 945 2052 quoque

153 2077 430 2154 appropinquantem
451 2079 556 2137 sentire
579 2079 635 2137 sibi
655 2078 742 2148 visus,
756 2089 865 2136 tantam
877 2074 946 2136 inde

153 2175 283 2236 laetitiam
293 2180 376 2257 cepit,
386 2193 419 2239 ut
426 2180 460 2238 ei
467 2181 529 2258 ipsi
541 2180 737 2251 confirmatus,
747 2181 802 2258 piis
811 2180 946 2257 precibus

155 2299 185 2338 se
198 2281 235 2339 ad
248 2284 407 2341 maximum
419 2285 473 2341 iter
487 2284 643 2341 ineundum
656 2285 711 2341 rite
723 2294 846 2360 pararet.

194 2380 291 2440 Deum
301 2395 485 2458 peccatorum
493 2385 606 2441 veniam
614 2385 737 2461 supplex
744 2384 871 2459 rogavit3
887 2400 946 2457 quo

154 2477 232 2535 facto
245 2458 352 2554 gratias
366 2481 392 2537 ei
406 2482 466 2556 egit
478 2501 532 2558 pro
544 2482 691 2540 beneficiis
704 2483 733 2540 in
747 2502 778 2540 se
791 2501 843 2558 per
855 2493 945 2540 totam

154 2581 243 2638 vitam
256 2579 404 2659 indignam
417 2583 537 2653 collatis,
548 2585 687 2661 imprimis
697 2596 793 2644 autem
804 2605 857 2662 pro
871 2584 946 2644 cala·

153 2683 301 2742 mitatibus
327 2687 431 2762 quibus
452 2686 547 2764 ipsum
568 2689 776 2766 castigaverat3
799 2689 945 2766 postremi>

154 2786 319 2863 perentibus
333 2788 391 2845 suis
406 2788 517 2847 miseris
531 2789 665 2850 solatium
682 2802 769 2870 atque
781 2790 946 2851 felicitatem

448 2925 658 2946 ‘mm

184 2997 313 3063 Deperut]
346 2997 410 3048 nan
420 2998 524 3060 passed.

187 3088 284 3137 Annas
294 3085 362 3152 igni]
396 3088 451 3136 For
463 3086 579 3153 keeping
590 3103 626 3154 up
638 3091 684 3140 tus
695 3089 751 3140 fire.

186 3174 294 3234 lterum,
318 3171 374 3237 isc]
421 3174 504 3237 ordo,
525 3175 601 3224 Vires
623 3177 720 3226 iterum
738 3173 866 3226 deficiunt
885 3187 944 3223 eum

155 3260 295 3309 conantem
306 3260 444 3309 admovere
455 3274 555 3324 oegrunr
567 3276 664 3327 corpns
673 3262 740 3327 igni.

187 3347 286 3396 testas
296 3347 344 3395 sibi
359 3344 440 3410 visus]
474 3348 518 3396 He
529 3349 631 3398 sesmed
641 3355 669 3398 to
680 3349 737 3399 scol.

186 3428 307 3499 collatis]
343 3432 457 3498 Hespsd
468 3446 549 3499 upon.
