<?xml version="1.0" encoding="UTF-8"?>
<!DOCTYPE html PUBLIC "-//W3C//DTD XHTML 1.0 Transitional//EN"
    "http://www.w3.org/TR/xhtml1/DTD/xhtml1-transitional.dtd">
<html xmlns="http://www.w3.org/1999/xhtml" xml:lang="en" lang="en">
 <head>
  <title>
</title>
<meta http-equiv="Content-Type" content="text/html;charset=utf-8" />
  <meta name='ocr-system' content='tesseract 3.04.00' />
  <meta name='ocr-capabilities' content='ocr_page ocr_carea ocr_par ocr_line ocrx_word'/>
</head>
<body>
  <div class='ocr_page' id='page_1' title='image "./robinsoncrusoeu00goffgoog_0163.png"; bbox 0 0 2190 3900; ppageno 0'>
   <div class='ocr_carea' id='block_1_1' title="bbox 197 427 797 482">
    <p class='ocr_par' dir='ltr' id='par_1_1' title="bbox 197 427 797 482">
     <span class='ocr_line' id='line_1_1' title="bbox 197 427 797 482; baseline 0.005 -6"><span class='ocrx_word' id='word_1_1' title='bbox 197 427 244 478; x_wconf 75' lang='lat' dir='ltr'><strong>lau</strong></span> <span class='ocrx_word' id='word_1_2' title='bbox 392 428 581 482; x_wconf 78' lang='lat' dir='ltr'>ROBINSON</span> <span class='ocrx_word' id='word_1_3' title='bbox 594 429 797 482; x_wconf 72' lang='lat' dir='ltr'><strong>GRUwEUS.</strong></span> 
     </span>
    </p>
   </div>
   <div class='ocr_carea' id='block_1_2' title="bbox 142 559 1049 3000">
    <p class='ocr_par' dir='ltr' id='par_1_2' title="bbox 195 559 991 1049">
     <span class='ocr_line' id='line_1_2' title="bbox 197 559 987 640; baseline 0.008 -22"><span class='ocrx_word' id='word_1_4' title='bbox 197 560 284 635; x_wconf 74' lang='lat' dir='ltr'><strong>quam</strong></span> <span class='ocrx_word' id='word_1_5' title='bbox 310 559 467 638; x_wconf 85' lang='lat' dir='ltr'><strong>discipulus</strong></span> <span class='ocrx_word' id='word_1_6' title='bbox 491 561 620 620; x_wconf 84' lang='lat' dir='ltr'><strong>discendi</strong></span> <span class='ocrx_word' id='word_1_7' title='bbox 643 562 739 621; x_wconf 87' lang='lat' dir='ltr'><strong>studio</strong></span> <span class='ocrx_word' id='word_1_8' title='bbox 763 561 908 640; x_wconf 83' lang='lat' dir='ltr'><strong>flagraret,</strong></span> <span class='ocrx_word' id='word_1_9' title='bbox 937 565 987 624; x_wconf 91' lang='lat' dir='ltr'><strong>bic</strong></span> 
     </span>
     <span class='ocr_line' id='line_1_3' title="bbox 196 663 991 743; baseline 0.01 -22"><span class='ocrx_word' id='word_1_10' title='bbox 196 664 288 722; x_wconf 88' lang='lat' dir='ltr'><strong>braevi</strong></span> <span class='ocrx_word' id='word_1_11' title='bbox 301 664 478 741; x_wconf 83' lang='lat' dir='ltr'><strong>praecipuam</strong></span> <span class='ocrx_word' id='word_1_12' title='bbox 491 663 528 723; x_wconf 90' lang='lat' dir='ltr'><strong>de</strong></span> <span class='ocrx_word' id='word_1_13' title='bbox 541 663 607 723; x_wconf 89' lang='lat' dir='ltr'><strong>Deo</strong></span> <span class='ocrx_word' id='word_1_14' title='bbox 624 685 659 724; x_wconf 83' lang='lat' dir='ltr'><strong>ao</strong></span> <span class='ocrx_word' id='word_1_15' title='bbox 676 665 815 743; x_wconf 74' lang='lat' dir='ltr'>religione</span> <span class='ocrx_word' id='word_1_16' title='bbox 827 667 991 729; x_wconf 83' lang='lat' dir='ltr'><strong>doctrinam</strong></span> 
     </span>
     <span class='ocr_line' id='line_1_4' title="bbox 196 766 988 848; baseline 0.006 -23"><span class='ocrx_word' id='word_1_17' title='bbox 196 766 296 836; x_wconf 88' lang='lat' dir='ltr'><strong>tenuit,</strong></span> <span class='ocrx_word' id='word_1_18' title='bbox 310 766 451 842; x_wconf 78' lang='lat' dir='ltr'><strong>quantum</strong></span> <span class='ocrx_word' id='word_1_19' title='bbox 463 767 531 827; x_wconf 85' lang='lat' dir='ltr'><strong>huie</strong></span> <span class='ocrx_word' id='word_1_20' title='bbox 542 767 593 826; x_wconf 90' lang='lat' dir='ltr'><strong>ille</strong></span> <span class='ocrx_word' id='word_1_21' title='bbox 605 768 760 845; x_wconf 86' lang='lat' dir='ltr'><strong>explanare</strong></span> <span class='ocrx_word' id='word_1_22' title='bbox 772 780 895 848; x_wconf 75' lang='lat' dir='ltr'><strong>poterat.</strong></span> <span class='ocrx_word' id='word_1_23' title='bbox 934 769 988 832; x_wconf 70' lang='lat' dir='ltr'><strong>&#39;Ex</strong></span> 
     </span>
     <span class='ocr_line' id='line_1_5' title="bbox 196 865 991 948; baseline 0.009 -23"><span class='ocrx_word' id='word_1_24' title='bbox 196 865 991 948; x_wconf 70' lang='lat' dir='ltr'><strong>eotemporeFridoyfelieissimumseexistimavitqubd</strong></span> 
     </span>
     <span class='ocr_line' id='line_1_6' title="bbox 195 970 827 1049; baseline 0.003 -21"><span class='ocrx_word' id='word_1_25' title='bbox 195 970 225 1029; x_wconf 92' lang='lat' dir='ltr'><strong>in</strong></span> <span class='ocrx_word' id='word_1_26' title='bbox 238 972 312 1030; x_wconf 88' lang='lat' dir='ltr'><strong>hanc</strong></span> <span class='ocrx_word' id='word_1_27' title='bbox 325 970 448 1030; x_wconf 86' lang='lat' dir='ltr'><strong>insulam</strong></span> <span class='ocrx_word' id='word_1_28' title='bbox 460 970 568 1029; x_wconf 83' lang='lat' dir='ltr'><strong>deferri</strong></span> <span class='ocrx_word' id='word_1_29' title='bbox 580 970 635 1029; x_wconf 87' lang='lat' dir='ltr'><strong>sibi</strong></span> <span class='ocrx_word' id='word_1_30' title='bbox 649 970 827 1049; x_wconf 82' lang='lat' dir='ltr'><strong>eontigisset.</strong></span> 
     </span>
    </p>

    <p class='ocr_par' dir='ltr' id='par_1_3' title="bbox 234 1072 988 1154">
     <span class='ocr_line' id='line_1_7' title="bbox 234 1072 988 1154; baseline 0.005 -24"><span class='ocrx_word' id='word_1_31' title='bbox 234 1072 342 1134; x_wconf 68' lang='lat' dir='ltr'><strong>Posteri</strong></span> <span class='ocrx_word' id='word_1_32' title='bbox 360 1075 503 1134; x_wconf 73' lang='lat' dir='ltr'><strong>Robinson</strong></span> <span class='ocrx_word' id='word_1_33' title='bbox 522 1095 622 1153; x_wconf 80' lang='lat' dir='ltr'><strong>preces</strong></span> <span class='ocrx_word' id='word_1_34' title='bbox 636 1095 702 1134; x_wconf 88' lang='lat' dir='ltr'><strong>suas</strong></span> <span class='ocrx_word' id='word_1_35' title='bbox 720 1094 832 1154; x_wconf 82' lang='lat' dir='ltr'>semper</span> <span class='ocrx_word' id='word_1_36' title='bbox 844 1087 988 1153; x_wconf 80' lang='lat' dir='ltr'><strong>praesente</strong></span> 
     </span>
    </p>

    <p class='ocr_par' dir='ltr' id='par_1_4' title="bbox 142 1174 993 2798">
     <span class='ocr_line' id='line_1_8' title="bbox 194 1174 988 1252; baseline 0.004 -21"><span class='ocrx_word' id='word_1_37' title='bbox 194 1174 273 1232; x_wconf 87' lang='lat' dir='ltr'><strong>socio</strong></span> <span class='ocrx_word' id='word_1_38' title='bbox 286 1176 407 1233; x_wconf 89' lang='lat' dir='ltr'><strong>fundere</strong></span> <span class='ocrx_word' id='word_1_39' title='bbox 420 1175 539 1246; x_wconf 86' lang='lat' dir='ltr'><strong>solebat,</strong></span> <span class='ocrx_word' id='word_1_40' title='bbox 550 1174 850 1252; x_wconf 84' lang='lat' dir='ltr'><strong>jucundissimumque</strong></span> <span class='ocrx_word' id='word_1_41' title='bbox 868 1187 988 1252; x_wconf 81' lang='lat' dir='ltr'><strong>aspectu</strong></span> 
     </span>
     <span class='ocr_line' id='line_1_9' title="bbox 193 1274 990 1355; baseline 0.004 -22"><span class='ocrx_word' id='word_1_42' title='bbox 193 1274 305 1346; x_wconf 82' lang='lat' dir='ltr'><strong>fuisset,</strong></span> <span class='ocrx_word' id='word_1_43' title='bbox 319 1288 427 1354; x_wconf 82' lang='lat' dir='ltr'><strong>quanto</strong></span> <span class='ocrx_word' id='word_1_44' title='bbox 441 1277 556 1354; x_wconf 82' lang='lat' dir='ltr'><strong>gaudio,</strong></span> <span class='ocrx_word' id='word_1_45' title='bbox 576 1275 685 1355; x_wconf 66' lang='lat' dir='ltr'><strong>quanta</strong></span> <span class='ocrx_word' id='word_1_46' title='bbox 704 1278 811 1354; x_wconf 84' lang='lat' dir='ltr'><strong>pietate</strong></span> <span class='ocrx_word' id='word_1_47' title='bbox 831 1277 879 1334; x_wconf 89' lang='lat' dir='ltr'><strong>hic</strong></span> <span class='ocrx_word' id='word_1_48' title='bbox 900 1278 990 1336; x_wconf 85' lang='lat' dir='ltr'><strong>verba</strong></span> 
     </span>
     <span class='ocr_line' id='line_1_10' title="bbox 195 1377 987 1455; baseline 0.006 -20"><span class='ocrx_word' id='word_1_49' title='bbox 195 1377 303 1437; x_wconf 88' lang='lat' dir='ltr'><strong>domini</strong></span> <span class='ocrx_word' id='word_1_50' title='bbox 316 1379 354 1436; x_wconf 91' lang='lat' dir='ltr'><strong>ad</strong></span> <span class='ocrx_word' id='word_1_51' title='bbox 367 1381 488 1438; x_wconf 86' lang='lat' dir='ltr'><strong>verbum</strong></span> <span class='ocrx_word' id='word_1_52' title='bbox 508 1390 685 1455; x_wconf 79' lang='lat' dir='ltr'><strong>sequeretur.</strong></span> <span class='ocrx_word' id='word_1_53' title='bbox 727 1377 812 1437; x_wconf 85' lang='lat' dir='ltr'><strong>Tune</strong></span> <span class='ocrx_word' id='word_1_54' title='bbox 824 1379 893 1439; x_wconf 73' lang='lat' dir='ltr'><strong>vero</strong></span> <span class='ocrx_word' id='word_1_55' title='bbox 907 1377 987 1440; x_wconf 71' lang='lat' dir='ltr'><strong>tautb</strong></span> 
     </span>
     <span class='ocr_line' id='line_1_11' title="bbox 194 1482 988 1560; baseline 0 -20"><span class='ocrx_word' id='word_1_56' title='bbox 194 1484 281 1540; x_wconf 80' lang='lat' dir='ltr'><strong>ambo</strong></span> <span class='ocrx_word' id='word_1_57' title='bbox 294 1483 430 1542; x_wconf 86' lang='lat' dir='ltr'><strong>felicitate</strong></span> <span class='ocrx_word' id='word_1_58' title='bbox 443 1483 612 1542; x_wconf 84' lang='lat' dir='ltr'><strong>fruebantur</strong></span> <span class='ocrx_word' id='word_1_59' title='bbox 628 1492 765 1560; x_wconf 84' lang='lat' dir='ltr'><strong>quantam</strong></span> <span class='ocrx_word' id='word_1_60' title='bbox 784 1482 899 1559; x_wconf 80' lang='lat' dir='ltr'><strong>assequi</strong></span> <span class='ocrx_word' id='word_1_61' title='bbox 918 1501 988 1560; x_wconf 86' lang='lat' dir='ltr'><strong>pos·</strong></span> 
     </span>
     <span class='ocr_line' id='line_1_12' title="bbox 194 1580 989 1661; baseline -0.009 -14"><span class='ocrx_word' id='word_1_62' title='bbox 194 1595 263 1647; x_wconf 79' lang='lat' dir='ltr'><strong>sunt</strong></span> <span class='ocrx_word' id='word_1_63' title='bbox 274 1584 406 1644; x_wconf 89' lang='lat' dir='ltr'><strong>homines</strong></span> <span class='ocrx_word' id='word_1_64' title='bbox 418 1586 455 1644; x_wconf 90' lang='lat' dir='ltr'><strong>ab</strong></span> <span class='ocrx_word' id='word_1_65' title='bbox 468 1581 594 1644; x_wconf 60' lang='lat' dir='ltr'><strong>humani</strong></span> <span class='ocrx_word' id='word_1_66' title='bbox 609 1582 745 1661; x_wconf 74' lang='lat' dir='ltr'><strong>societate</strong></span> <span class='ocrx_word' id='word_1_67' title='bbox 763 1580 896 1660; x_wconf 86' lang='lat' dir='ltr'><strong>sejuncti.</strong></span> <span class='ocrx_word' id='word_1_68' title='bbox 939 1580 989 1640; x_wconf 84' lang='lat' dir='ltr'><strong>Sic</strong></span> 
     </span>
     <span class='ocr_line' id='line_1_13' title="bbox 194 1682 988 1766; baseline -0.006 -19"><span class='ocrx_word' id='word_1_69' title='bbox 194 1687 325 1765; x_wconf 82' lang='lat' dir='ltr'><strong>elapsum</strong></span> <span class='ocrx_word' id='word_1_70' title='bbox 339 1699 383 1747; x_wconf 86' lang='lat' dir='ltr'><strong>est</strong></span> <span class='ocrx_word' id='word_1_71' title='bbox 394 1686 559 1766; x_wconf 84' lang='lat' dir='ltr'><strong>pluviarum</strong></span> <span class='ocrx_word' id='word_1_72' title='bbox 572 1697 687 1764; x_wconf 88' lang='lat' dir='ltr'><strong>tempus</strong></span> <span class='ocrx_word' id='word_1_73' title='bbox 699 1682 760 1743; x_wconf 75' lang='lat' dir='ltr'><strong>ulls</strong></span> <span class='ocrx_word' id='word_1_74' title='bbox 772 1684 834 1743; x_wconf 83' lang='lat' dir='ltr'><strong>sine</strong></span> <span class='ocrx_word' id='word_1_75' title='bbox 845 1682 988 1743; x_wconf 73' lang='lat' dir='ltr'><strong>molestib.</strong></span> 
     </span>
     <span class='ocr_line' id='line_1_14' title="bbox 195 1788 990 1857; baseline -0.005 -7"><span class='ocrx_word' id='word_1_76' title='bbox 195 1790 281 1851; x_wconf 87' lang='lat' dir='ltr'><strong>Coelo</strong></span> <span class='ocrx_word' id='word_1_77' title='bbox 302 1792 418 1852; x_wconf 86' lang='lat' dir='ltr'><strong>tandem</strong></span> <span class='ocrx_word' id='word_1_78' title='bbox 441 1810 542 1850; x_wconf 87' lang='lat' dir='ltr'><strong>serena</strong></span> <span class='ocrx_word' id='word_1_79' title='bbox 564 1789 653 1848; x_wconf 81' lang='lat' dir='ltr'><strong>facies</strong></span> <span class='ocrx_word' id='word_1_80' title='bbox 673 1788 814 1857; x_wconf 83' lang='lat' dir='ltr'><strong>redierat;</strong></span> <span class='ocrx_word' id='word_1_81' title='bbox 839 1788 990 1848; x_wconf 81' lang='lat' dir='ltr'><strong>cessabunt</strong></span> 
     </span>
     <span class='ocr_line' id='line_1_15' title="bbox 194 1888 993 1972; baseline -0.008 -19"><span class='ocrx_word' id='word_1_82' title='bbox 194 1895 273 1953; x_wconf 83' lang='lat' dir='ltr'><strong>renti</strong></span> <span class='ocrx_word' id='word_1_83' title='bbox 290 1895 437 1972; x_wconf 86' lang='lat' dir='ltr'><strong>nimbique</strong></span> <span class='ocrx_word' id='word_1_84' title='bbox 457 1893 638 1971; x_wconf 83' lang='lat' dir='ltr'><strong>aufugerant.</strong></span> <span class='ocrx_word' id='word_1_85' title='bbox 680 1891 824 1950; x_wconf 77' lang='lat' dir='ltr'><strong>Robinson</strong></span> <span class='ocrx_word' id='word_1_86' title='bbox 841 1909 907 1954; x_wconf 81' lang='lat' dir='ltr'><strong>oum</strong></span> <span class='ocrx_word' id='word_1_87' title='bbox 929 1888 993 1948; x_wconf 88' lang='lat' dir='ltr'><strong>fido</strong></span> 
     </span>
     <span class='ocr_line' id='line_1_16' title="bbox 195 1991 991 2075; baseline -0.006 -19"><span class='ocrx_word' id='word_1_88' title='bbox 195 1997 274 2056; x_wconf 90' lang='lat' dir='ltr'><strong>socio</strong></span> <span class='ocrx_word' id='word_1_89' title='bbox 283 2017 386 2075; x_wconf 90' lang='lat' dir='ltr'><strong>puram</strong></span> <span class='ocrx_word' id='word_1_90' title='bbox 399 1997 584 2075; x_wconf 82' lang='lat' dir='ltr'><strong>tepidamque</strong></span> <span class='ocrx_word' id='word_1_91' title='bbox 597 2015 697 2057; x_wconf 86' lang='lat' dir='ltr'><strong>auram</strong></span> <span class='ocrx_word' id='word_1_92' title='bbox 710 1994 787 2056; x_wconf 83' lang='lat' dir='ltr'><strong>veris</strong></span> <span class='ocrx_word' id='word_1_93' title='bbox 795 1993 894 2072; x_wconf 85' lang='lat' dir='ltr'><strong>spirat.</strong></span> <span class='ocrx_word' id='word_1_94' title='bbox 916 1991 991 2052; x_wconf 87' lang='lat' dir='ltr'><strong>Am·</strong></span> 
     </span>
     <span class='ocr_line' id='line_1_17' title="bbox 194 2093 990 2174; baseline -0.008 -16"><span class='ocrx_word' id='word_1_95' title='bbox 194 2101 233 2158; x_wconf 94' lang='lat' dir='ltr'><strong>bo</strong></span> <span class='ocrx_word' id='word_1_96' title='bbox 251 2100 334 2157; x_wconf 89' lang='lat' dir='ltr'><strong>novis</strong></span> <span class='ocrx_word' id='word_1_97' title='bbox 348 2099 459 2158; x_wconf 86' lang='lat' dir='ltr'><strong>viribus</strong></span> <span class='ocrx_word' id='word_1_98' title='bbox 472 2108 573 2157; x_wconf 86' lang='lat' dir='ltr'><strong>auctos</strong></span> <span class='ocrx_word' id='word_1_99' title='bbox 591 2117 623 2157; x_wconf 88' lang='lat' dir='ltr'><strong>se</strong></span> <span class='ocrx_word' id='word_1_100' title='bbox 644 2097 781 2167; x_wconf 85' lang='lat' dir='ltr'><strong>sentiunt,</strong></span> <span class='ocrx_word' id='word_1_101' title='bbox 801 2106 889 2174; x_wconf 84' lang='lat' dir='ltr'><strong>atque</strong></span> <span class='ocrx_word' id='word_1_102' title='bbox 901 2093 990 2154; x_wconf 78' lang='lat' dir='ltr'><strong>alacri</strong></span> 
     </span>
     <span class='ocr_line' id='line_1_18' title="bbox 194 2198 970 2279; baseline -0.009 -17"><span class='ocrx_word' id='word_1_103' title='bbox 194 2202 291 2262; x_wconf 84' lang='lat' dir='ltr'><strong>animo</strong></span> <span class='ocrx_word' id='word_1_104' title='bbox 304 2202 342 2261; x_wconf 90' lang='lat' dir='ltr'><strong>ad</strong></span> <span class='ocrx_word' id='word_1_105' title='bbox 355 2202 478 2261; x_wconf 89' lang='lat' dir='ltr'><strong>arduum</strong></span> <span class='ocrx_word' id='word_1_106' title='bbox 490 2219 565 2279; x_wconf 87' lang='lat' dir='ltr'><strong>opus</strong></span> <span class='ocrx_word' id='word_1_107' title='bbox 578 2212 745 2276; x_wconf 85' lang='lat' dir='ltr'><strong>susceptum</strong></span> <span class='ocrx_word' id='word_1_108' title='bbox 760 2217 792 2258; x_wconf 92' lang='lat' dir='ltr'><strong>se</strong></span> <span class='ocrx_word' id='word_1_109' title='bbox 805 2198 970 2274; x_wconf 81' lang='lat' dir='ltr'><strong>accingunt.</strong></span> 
     </span>
     <span class='ocr_line' id='line_1_19' title="bbox 142 2302 992 2387; baseline -0.008 -20"><span class='ocrx_word' id='word_1_110' title='bbox 142 2371 144 2374; x_wconf 67' lang='grc'><strong>,</strong></span> <span class='ocrx_word' id='word_1_111' title='bbox 234 2306 343 2387; x_wconf 75' lang='lat' dir='ltr'><strong>Fridoy</strong></span> <span class='ocrx_word' id='word_1_112' title='bbox 356 2307 474 2366; x_wconf 85' lang='lat' dir='ltr'><strong>admoto</strong></span> <span class='ocrx_word' id='word_1_113' title='bbox 493 2307 560 2383; x_wconf 84' lang='lat' dir='ltr'><strong>igne</strong></span> <span class='ocrx_word' id='word_1_114' title='bbox 579 2316 713 2364; x_wconf 82' lang='lat' dir='ltr'><strong>truncum</strong></span> <span class='ocrx_word' id='word_1_115' title='bbox 727 2302 887 2372; x_wconf 79' lang='lat' dir='ltr'><strong>excavavit,</strong></span> <span class='ocrx_word' id='word_1_116' title='bbox 902 2311 992 2377; x_wconf 86' lang='lat' dir='ltr'><strong>atque</strong></span> 
     </span>
     <span class='ocr_line' id='line_1_20' title="bbox 194 2405 990 2486; baseline -0.011 -13"><span class='ocrx_word' id='word_1_117' title='bbox 194 2414 268 2473; x_wconf 88' lang='lat' dir='ltr'><strong>duos</strong></span> <span class='ocrx_word' id='word_1_118' title='bbox 276 2415 352 2473; x_wconf 88' lang='lat' dir='ltr'><strong>intra</strong></span> <span class='ocrx_word' id='word_1_119' title='bbox 359 2411 511 2472; x_wconf 85' lang='lat' dir='ltr'><strong>mensesid</strong></span> <span class='ocrx_word' id='word_1_120' title='bbox 521 2409 733 2486; x_wconf 86' lang='lat' dir='ltr'><strong>absolvitquod</strong></span> <span class='ocrx_word' id='word_1_121' title='bbox 741 2408 820 2485; x_wconf 72' lang='lat' dir='ltr'><strong>aegre</strong></span> <span class='ocrx_word' id='word_1_122' title='bbox 830 2405 990 2466; x_wconf 86' lang='lat' dir='ltr'><strong>multorum</strong></span> 
     </span>
     <span class='ocr_line' id='line_1_21' title="bbox 193 2506 990 2595; baseline -0.015 -18"><span class='ocrx_word' id='word_1_123' title='bbox 193 2537 334 2576; x_wconf 81' lang='lat' dir='ltr'><strong>annorum</strong></span> <span class='ocrx_word' id='word_1_124' title='bbox 347 2517 441 2595; x_wconf 88' lang='lat' dir='ltr'><strong>spatio</strong></span> <span class='ocrx_word' id='word_1_125' title='bbox 453 2515 596 2575; x_wconf 76' lang='lat' dir='ltr'><strong>Robinson</strong></span> <span class='ocrx_word' id='word_1_126' title='bbox 611 2513 691 2574; x_wconf 86' lang='lat' dir='ltr'><strong>solus</strong></span> <span class='ocrx_word' id='word_1_127' title='bbox 701 2510 880 2571; x_wconf 78' lang='lat' dir='ltr'><strong>confecisset.</strong></span> <span class='ocrx_word' id='word_1_128' title='bbox 922 2506 941 2565; x_wconf 86' lang='lat' dir='ltr'>J</span> <span class='ocrx_word' id='word_1_129' title='bbox 943 2526 990 2566; x_wconf 82' lang='lat' dir='ltr'><strong>nm</strong></span> 
     </span>
     <span class='ocr_line' id='line_1_22' title="bbox 192 2607 990 2693; baseline -0.009 -20"><span class='ocrx_word' id='word_1_130' title='bbox 192 2627 300 2693; x_wconf 84' lang='lat' dir='ltr'><strong>praeter</strong></span> <span class='ocrx_word' id='word_1_131' title='bbox 320 2614 386 2674; x_wconf 86' lang='lat' dir='ltr'><strong>vela</strong></span> <span class='ocrx_word' id='word_1_132' title='bbox 397 2632 550 2693; x_wconf 85' lang='lat' dir='ltr'><strong>remosque</strong></span> <span class='ocrx_word' id='word_1_133' title='bbox 562 2613 634 2673; x_wconf 91' lang='lat' dir='ltr'><strong>nihil</strong></span> <span class='ocrx_word' id='word_1_134' title='bbox 647 2613 748 2673; x_wconf 80' lang='lat' dir='ltr'><strong>defuit.</strong></span> <span class='ocrx_word' id='word_1_135' title='bbox 783 2610 857 2671; x_wconf 74' lang='lat' dir='ltr'><strong>‘Hos</strong></span> <span class='ocrx_word' id='word_1_136' title='bbox 870 2607 990 2687; x_wconf 89' lang='lat' dir='ltr'><strong>quidem</strong></span> 
     </span>
     <span class='ocr_line' id='line_1_23' title="bbox 191 2710 975 2798; baseline -0.005 -23"><span class='ocrx_word' id='word_1_137' title='bbox 191 2716 343 2789; x_wconf 80' lang='lat' dir='ltr'><strong>Robinson,</strong></span> <span class='ocrx_word' id='word_1_138' title='bbox 356 2717 406 2777; x_wconf 81' lang='lat' dir='ltr'><strong>ills</strong></span> <span class='ocrx_word' id='word_1_139' title='bbox 414 2720 484 2781; x_wconf 80' lang='lat' dir='ltr'><strong>verb</strong></span> <span class='ocrx_word' id='word_1_140' title='bbox 491 2719 600 2798; x_wconf 74' lang='lat' dir='ltr'><strong>Fridoy</strong></span> <span class='ocrx_word' id='word_1_141' title='bbox 612 2729 782 2796; x_wconf 89' lang='lat' dir='ltr'><strong>paraturum</strong></span> <span class='ocrx_word' id='word_1_142' title='bbox 795 2735 827 2774; x_wconf 90' lang='lat' dir='ltr'><strong>se</strong></span> <span class='ocrx_word' id='word_1_143' title='bbox 840 2710 975 2792; x_wconf 80' lang='lat' dir='ltr'><strong>spondet</strong></span> 
     </span>
    </p>

    <p class='ocr_par' dir='ltr' id='par_1_5' title="bbox 192 2804 1049 3000">
     <span class='ocr_line' id='line_1_24' title="bbox 234 2804 1049 2899; baseline -0.006 -22"><span class='ocrx_word' id='word_1_144' title='bbox 234 2818 333 2878; x_wconf 88' lang='lat' dir='ltr'><strong>Ambo</strong></span> <span class='ocrx_word' id='word_1_145' title='bbox 353 2819 440 2878; x_wconf 86' lang='lat' dir='ltr'><strong>simul</strong></span> <span class='ocrx_word' id='word_1_146' title='bbox 459 2839 534 2898; x_wconf 86' lang='lat' dir='ltr'><strong>opus</strong></span> <span class='ocrx_word' id='word_1_147' title='bbox 554 2833 721 2899; x_wconf 83' lang='lat' dir='ltr'><strong>susceptum</strong></span> <span class='ocrx_word' id='word_1_148' title='bbox 740 2816 914 2885; x_wconf 66' lang='lat' dir='ltr'><strong>absolvere3</strong></span> <span class='ocrx_word' id='word_1_149' title='bbox 938 2814 991 2874; x_wconf 87' lang='lat' dir='ltr'><strong>sed</strong></span> <span class='ocrx_word' id='word_1_150' title='bbox 1041 2804 1049 2815; x_wconf 76' lang='grc'><em>’</em></span> 
     </span>
     <span class='ocr_line' id='line_1_25' title="bbox 192 2918 989 3000; baseline -0.008 -19"><span class='ocrx_word' id='word_1_151' title='bbox 192 2920 333 2982; x_wconf 68' lang='lat' dir='ltr'><strong>instructo</strong></span> <span class='ocrx_word' id='word_1_152' title='bbox 344 2921 420 2993; x_wconf 87' lang='lat' dir='ltr'><strong>navi,</strong></span> <span class='ocrx_word' id='word_1_153' title='bbox 432 2921 507 2981; x_wconf 81' lang='lat' dir='ltr'><strong>nihil</strong></span> <span class='ocrx_word' id='word_1_154' title='bbox 516 2921 660 3000; x_wconf 79' lang='lat' dir='ltr'><strong>superfuit</strong></span> <span class='ocrx_word' id='word_1_155' title='bbox 671 2922 727 2982; x_wconf 87' lang='lat' dir='ltr'><strong>nisi</strong></span> <span class='ocrx_word' id='word_1_156' title='bbox 739 2933 773 2981; x_wconf 91' lang='lat' dir='ltr'><strong>ut</strong></span> <span class='ocrx_word' id='word_1_157' title='bbox 783 2921 847 2981; x_wconf 84' lang='lat' dir='ltr'><strong>haee</strong></span> <span class='ocrx_word' id='word_1_158' title='bbox 859 2939 877 2979; x_wconf 91' lang='lat' dir='ltr'><strong>a</strong></span> <span class='ocrx_word' id='word_1_159' title='bbox 889 2918 989 2977; x_wconf 83' lang='lat' dir='ltr'><strong>littore</strong></span> 
     </span>
    </p>
   </div>
   <div class='ocr_carea' id='block_1_3' title="bbox 490 3085 700 3106">
    <p class='ocr_par' dir='ltr' id='par_1_6' title="bbox 490 3085 700 3106">
     <span class='ocr_line' id='line_1_26' title="bbox 490 3085 700 3106; baseline 0.01 -2"><span class='ocrx_word' id='word_1_160' title='bbox 490 3085 700 3106; x_wconf 59' lang='lat' dir='ltr'><strong>wmuOm</strong></span> 
     </span>
    </p>
   </div>
   <div class='ocr_carea' id='block_1_4' title="bbox 150 3186 825 3359">
    <p class='ocr_par' dir='ltr' id='par_1_7' title="bbox 150 3186 825 3359">
     <span class='ocr_line' id='line_1_27' title="bbox 225 3186 825 3254; baseline 0 -17"><span class='ocrx_word' id='word_1_161' title='bbox 225 3189 317 3240; x_wconf 78' lang='lat' dir='ltr'><strong>Studio</strong></span> <span class='ocrx_word' id='word_1_162' title='bbox 321 3186 467 3254; x_wconf 76' lang='lat' dir='ltr'><strong>stupraret]</strong></span> <span class='ocrx_word' id='word_1_163' title='bbox 501 3189 613 3239; x_wconf 84' lang='lat' dir='ltr'><strong>Burnad</strong></span> <span class='ocrx_word' id='word_1_164' title='bbox 623 3188 687 3240; x_wconf 80' lang='lat' dir='ltr'><strong>with</strong></span> <span class='ocrx_word' id='word_1_165' title='bbox 697 3187 744 3238; x_wconf 85' lang='lat' dir='ltr'><strong>tba</strong></span> <span class='ocrx_word' id='word_1_166' title='bbox 755 3186 825 3238; x_wconf 78' lang='lat' dir='ltr'><strong>lore.</strong></span> 
     </span>
     <span class='ocr_line' id='line_1_28' title="bbox 150 3275 549 3359; baseline -0.003 -31"><span class='ocrx_word' id='word_1_167' title='bbox 150 3354 152 3359; x_wconf 65' lang='lat'>,</span> <span class='ocrx_word' id='word_1_168' title='bbox 224 3275 346 3356; x_wconf 68' lang='lat' dir='ltr'><strong>Arpocras]</strong></span> <span class='ocrx_word' id='word_1_169' title='bbox 381 3275 549 3333; x_wconf 74' lang='lat' dir='ltr'><strong>Tobeeuen.</strong></span> 
     </span>
    </p>
   </div>
   <div class='ocr_carea' id='block_1_5' title="bbox 0 0 1100 3900">
    <p class='ocr_par' dir='ltr' id='par_1_8' title="bbox 0 0 1100 3900">
     <span class='ocr_line' id='line_1_29' title="bbox 0 0 1100 3900; baseline 0 1"><span class='ocrx_word' id='word_1_170' title='bbox 0 0 1100 3900; x_wconf 95' lang='lat' dir='ltr'><strong> </strong></span> 
     </span>
    </p>
   </div>
  </div>
 </body>
</html>
