2190 3900
336 375 524 430 auaissou
542 374 748 426 causoaus.
890 336 937 420 ras

144 512 224 572 addit
236 512 339 570 uitreas
347 502 472 579 arbures,
482 527 678 585 quascumque
685 505 816 567 ininsula
824 519 937 574 teneras

145 616 270 693 reperire
280 614 393 692 potuit;
408 615 600 690 magnamque
608 611 668 669 vim
681 608 755 669 alitis
767 611 879 687 generis
891 629 937 669 ar-

148 721 253 777 borum
266 719 371 795 quibus
384 717 510 777 ramulos
523 715 633 774 arboris
642 713 779 792 paniferae
792 713 905 773 insevit.

188 818 361 881 Solariorum
370 816 486 900 quoque
494 833 523 881 et
531 818 600 879 Zeae
609 819 722 896 copiam
730 817 799 876 satis
806 835 941 895 magnam

146 923 304 1000 plantavit3
327 923 394 982 cium
407 935 503 982 autem
520 941 590 1000 ager
606 920 656 979 ille
674 921 713 980 ab
734 921 805 979 orbe
825 918 952 977 condito:

147 1045 274 1084 cessasse
294 1019 450 1095 videretur,
470 1021 645 1083 uberrimam
662 1022 738 1082 fudit
750 1021 942 1080 laetissimam·

150 1147 206 1203 que
219 1138 356 1206 segetem.
949 1196 952 1202 Ι

187 1228 337 1291 Inte'r'dum
347 1227 463 1308 quoque
475 1229 569 1308 pisces
583 1247 686 1306 capere
699 1238 819 1296 tentant,
834 1227 942 1286 retibus
958 1235 960 1240 '

150 1332 280 1390 instructi
293 1331 359 1408 quae
367 1329 481 1409 'Fridap
493 1329 655 1407 pluviarum
669 1325 798 1406 tempore
811 1328 954 1388 coruscos-³

151 1432 203 1490 rat'.
246 1432 371 1490 Tantam
390 1430 459 1489 veri>
477 1429 560 1508 jactu
580 1430 709 1516 quolibet
728 1429 955 1499 multitudinem

152 1553 252 1591 eorum
270 1532 408 1610 ceperunt
420 1543 454 1590 ut
465 1532 605 1609 plurimos
618 1533 704 1590 etiam
717 1531 747 1590 in
759 1550 864 1607 aquam
877 1532 952 1610 reji··

153 1644 259 1691 cerent.
301 1632 332 1691 Is
346 1634 421 1692 enim
434 1632 492 1691 Dei
505 1632 588 1691 donis
601 1632 738 1702 abutitur,
752 1631 793 1691 ait
804 1632 956 1710 praeclarc'ss

153 1733 302 1802 Robinson,
314 1733 367 1809 'qui
379 1731 450 1811 plus
458 1731 647 1792 sibi‘assumit
659 1754 746 1812 quam
758 1735 838 1811 quod
851 1735 889 1794 ad
902 1736 945 1793 vi·

155 1849 213 1895 tam
221 1837 295 1895 bene
306 1838 448 1914 beateque
457 1837 600 1916 agendam
608 1838 802 1897 necessarium
815 1851 873 1908 est3
889 1859 956 1904 sae·

153 1958 206 1995 vus
220 1951 316 1997 autem
328 1939 363 1997 'et
383 1939 525 2008 immanis,
547 1939 572 1996 si
585 1924 804 2014 quisauimalia
823 1941 947 2000 innocua

154 2038 306 2098 interficiat
318 2040 423 2117 quibus
436 2039 474 2098 ad
486 2039 595 2098 victum
608 2039 808 2117 quotidianum
820 2040 875 2098 sibi
888 2061 956 2100 nou

155 2142 227 2217 opus
241 2154 294 2200 est.
322 2157 324 2162 ’

192 2240 307 2303 Deinde
316 2263 421 2321 corpus
431 2243 547 2302 abluere
557 2241 697 2300 solebant.
724 2243 761 2301 In
774 2245 958 2320 quoltoln'a·⁴

154 2363 203 2401 sora
216 2343 347 2420 peritiam
360 2342 431 2400 socii
444 2341 600 2401 admiratus
613 2354 665 2412 est,
680 2362 756 2402 nunc
769 2364 855 2423 super
868 2346 953 2424 ipsos.

48 2477 62 2504 .;
156 2443 259 2499 fluctos
273 2443 360 2501 dorso
373 2441 532 2513 eminentis,
546 2461 622 2500 nunc
631 2442 690 2527 alto
701 2463 732 2501 se
741 2444 960 2524 immergentis..

156 2544 245 2604 Illum
265 2545 375 2605 scilicet
390 2544 514 2624 juvabat
526 2566 564 2604 ex
577 2545 667 2605 ardui
679 2546 870 2624 potissimum,
885 2571 946 2611 cre-

157 2647 273 2724 brisque
294 2647 430 2708 fluctibus
453 2646 603 2707 verberati
622 2668 694 2726 rupe
717 2669 748 2709 se
769 2651 949 2732 praecipitem

448 2781 580 2802 ueneno
584 2780 655 2802 uno

190 2863 283 2912 autaut
295 2862 397 2926 insevit]
427 2864 469 2912 On
480 2862 567 2925 which
576 2861 609 2912 ha
620 2861 763 2928 ingrassad.

189 2950 325 3014 Apert'lla]
357 2950 430 3003 'rhst
440 2951 553 3014 ground.
918 2980 922 3007 ;

192 3033 317 3100 Cessurae]
339 3039 381 3086 Το
392 3034 458 3086 have
467 3035 521 3085 laid
532 3035 625 3086 sallow.
660 3037 753 3096 Fudit]
764 3039 792 3087 1t
801 3039 965 3101 produced-1:

189 3121 345 3184 Eminentia]
377 3122 654 3193 Apreeiapasithrocr't.
687 3121 820 3185 Floating.
929 3151 934 3169 ,

191 3208 233 3256 Ex
244 3209 333 3270 artat,
346 3207 401 3273 aa]
444 3209 488 3258 Ex
504 3222 571 3274 rupa
589 3206 752 3276 potissimum
773 3206 856 3257 ardua
876 3209 949 3277 (very

158 3292 249 3356 deep),
268 3297 295 3342 ct
313 3295 451 3345 verberata
466 3293 603 3357 fluetibus,
618 3292 733 3357 jurabat
746 3291 819 3343 illum
837 3293 899 3348 dara
921 3291 950 3354 aa

159 3378 322 3443 precipitem
335 3383 374 3442 (to
388 3379 468 3430 throa
478 3381 582 3442 himself
591 3362 746 3443 irradiatam}
763 3380 810 3432 &a

521 3463 537 3510 6
