2190 3900
255 758 435 844 CAPUT
474 757 829 836 umnacliwm.

146 995 272 1057 samma
287 997 463 1056 amasonia
480 968 701 1055 mam-At
721 995 833 1054 mecm
854 994 941 1074 ams-

186 1100 409 1160 tatar.·-Vestes
426 1122 461 1159 ex
472 1100 595 1179 pellibus
610 1099 664 1158 siti
677 1099 941 1178 conficit-Incidit

185 1204 214 1262 iu
224 1211 341 1284 gravem
353 1204 483 1263 morbum.

145 1428 297 1490 Armatam
311 1433 436 1491 multum
445 1435 545 1491 aberat
554 1446 587 1491 ut
595 1432 737 1490 Robinson
746 1432 939 1490 omniahabe·

145 1540 191 1586 ret
211 1549 276 1604 quae
290 1531 328 1589 ad
341 1532 451 1590 victum
472 1532 639 1609 cultumque
658 1533 727 1590 vitae
746 1533 939 1609 requiruntur.

146 1625 258 1689 Omnes
271 1630 333 1708 ejus
347 1645 442 1690 vestes
455 1653 511 1691 usu
524 1633 661 1691 diuturno
682 1617 813 1692 contritae
827 1633 940 1691 difflue·

145 1732 225 1801 bant,
240 1753 293 1791 nec
306 1734 375 1792 satis
386 1733 569 1819 vidcbatqui
578 1734 689 1794 ratione
701 1756 791 1794 novas
805 1736 859 1794 sibi
873 1757 941 1795 con-

146 1829 253 1892 ticeret.
289 1833 345 1893 Cui
365 1835 483 1914 quidem
496 1858 553 1896 non
568 1849 626 1896 tam
640 1850 741 1896 contra
753 1838 869 1916 frigoris
882 1839 941 1898 vim

147 1936 273 1994 vestibus
287 1920 360 2015 opus
374 1951 436 1996 erat
449 1939 536 2016 quam
550 1951 584 1997 ut
604 1959 634 1997 se
655 1940 691 1998 ab
713 1940 828 1999 insectis
841 1939 940 2000 defen·

148 2036 237 2109 deret,
247 2039 351 2117 qussius
360 2041 453 2100 insula
460 2041 635 2100 abundabat.
651 2039 787 2107 Quorum
796 2042 941 2101 morsibus

146 2139 287 2204 Robinson
295 2146 523 2216 excruciabatur,
533 2145 651 2205 tumidis
659 2145 719 2204 feri)
728 2146 940 2223 sempermani-

146 2245 201 2302 bus
219 2247 367 2323 genisque.
411 2246 522 2311 Quanti
535 2247 622 2323 porri)
635 2245 750 2304 dolores
763 2267 830 2305 cum
843 2268 940 2306 mane·

74 2403 80 2411 ,
146 2347 225 2415 bant,
239 2347 368 2405 vestibus
379 2348 496 2406 omnini>
508 2345 657 2405 laceratis!
701 2345 798 2422 Atque
811 2349 867 2406 hoc
880 2362 942 2407 erat

146 2447 176 2502 in
188 2444 332 2524 proximo.

186 2545 236 2607 Ad
248 2547 323 2609 hanc
334 2549 526 2609 calamitatem
536 2549 691 2608 accedebat
703 2549 782 2627 quiid
787 2565 938 2629 parentum
970 2574 971 2578 ¹

99 2652 101 2655 ’
146 2650 347 2728 societatisque
355 2651 490 2710 humanae
502 2650 645 2710 desiderio
658 2653 770 2712 animus
785 2652 847 2732 ejus
861 2658 939 2734 saepc

146 2763 299 2811 teneretur.
343 2753 441 2818 Quam
461 2755 499 2813 ob
520 2773 582 2812 rem
602 2773 661 2812 non
681 2756 769 2814 semel
789 2757 938 2835 ingemuit,

442 2889 652 2909 mmm

177 2968 350 3034 Difflacbcnt]
383 2969 646 3036 Wcrcdroppingin
658 2971 755 3036 piccea.
850 2977 853 2984 '

180 3054 308 3120 tamtam]
341 3054 461 3104 Swoilen.

177 3138 210 3185 Ia
217 3136 346 3202 proximo]
381 3139 416 3187 At
426 3137 497 3186 hand
507 3138 596 3188 wouh}
606 3153 673 3189 soon
685 3141 800 3206 happcn.
904 3141 907 3146 '

176 3218 338 3289 Tenentur]
370 3225 432 3276 Waa
445 3220 569 3276 afflictcdss

520 3319 571 3372 1³6
