2190 3900
190 391 227 440 80
383 388 577 441 uonmsou
594 389 797 441 0RU80RUS.

191 521 305 580 dentum
327 535 404 581 esset
424 535 457 581 ut
480 536 510 581 et
527 523 613 582 facile
626 524 797 595 flecteretur,
811 537 841 582 et
853 524 882 581 in
893 523 992 602 pristi-

133 670 136 677 .
192 641 263 681 nam
275 622 335 681 sere
348 623 472 682 formam
485 623 600 682 rediret.

196 769 203 775 .
226 723 311 788 ,Tale
323 745 393 802 ergo
405 725 518 803 lignum
530 728 680 785 inventum
692 739 780 803 atque
794 727 923 786 decisum
936 729 989 786 do·

197 847 276 891 mum
292 827 446 905 deportat,
473 829 681 903 confestimque
709 849 782 904 opus
811 819 1011 906 aggreditur(

198 924 297 990 Quem
318 929 387 983 verb
413 937 482 982 tunc
505 925 594 982 sensit
619 924 746 1001 inopiam
766 926 854 984 cultri
872 929 987 988 idonci!

197 1025 339 1093 ‚Quamvis
360 1026 464 1083 iterum
485 1025 646 1101 iterumque
666 1041 786 1101 secaret,
806 1029 856 1087 vix
876 1042 990 1090 tantum

196 1128 319 1204 profecit
338 1138 478 1203 quantum
497 1127 671 1186 noscultris
691 1128 837 1207 chalybeis
858 1131 992 1193 instructi

196 1248 255 1291 ‚uno
267 1229 328 1286 ictu
340 1227 516 1304 proficimus.
538 1227 715 1306 Quanquam
722 1233 760 1289 ab
768 1244 835 1290 ortu
846 1233 999 1309 usquead.
1048 1279 1051 1283 .

194 1349 331 1396 nccaeum
351 1330 407 1388 diei
421 1331 501 1407 operi
519 1331 645 1390 intentus
667 1345 737 1402 erat,
756 1354 872 1392 necesse
888 1335 943 1392 suit
955 1347 989 1392 ut

137 1460 141 1473 ·
195 1446 261 1491 octo
272 1433 333 1490 dies
343 1434 470 1510 integros
477 1433 544 1490 huic
554 1433 647 1492 labori
655 1435 841 1511 impenderet.
856 1436 988 1500 Tandem

191 1540 371 1614 magnopere
383 1535 432 1594 ille
445 1536 560 1596 laetatus
573 1548 626 1606 est,
649 1537 715 1596 cum
728 1558 827 1597 arcum
843 1560 919 1600 none
940 1539 991 1598 die

193 1641 355 1718 ‚perfectum
374 1641 464 1709 vidit;
486 1660 580 1717 neque
594 1651 670 1704 ,tunc
691 1654 797 1716 praeter
818 1662 938 1705 nervum
957 1656 988 1702 et

196 1744 315 1820 sagittas
324 1743 484 1820 quidquam
495 1743 685 1802 desiderabat.
720 1742 796 1802 cnm
809 1745 877 1803 verb
888 1747 987 1805 funem

195 1849 282 1922 quiam
296 1847 492 1904 firmissimum
505 1848 698 1928 contorsisset,
712 1847 750 1904 ad
766 1848 884 1920 sagittas
897 1850 986 1909 fabri.

194 1949 299 2007 caudas
313 1970 344 2006 se
356 1950 490 2008 accinxit.

228 2051 296 2110 Jam
306 2053 599 2111 siferrumhabuisset
606 2052 685 2128 quod
693 2053 804 2129 sagittis
811 2053 987 2132 praefigeret,

195 2157 303 2232 quanti,
318 2178 427 2234 quaeso,
440 2157 497 2214 hoc
509 2155 695 2213 aestimasset!
720 2155 839 2215 Frustra
849 2172 946 2217 autem
955 2161 985 2218 in
1041 2206 1044 2211 ,

195 2262 270 2318 uotis
283 2262 356 2319 illud
368 2261 480 2319 habuit.
506 2258 600 2316 Dum
609 2259 697 2336 igitur
707 2280 769 2317 rem
778 2275 873 2319 mente
886 2262 986 2338 agitat,

194 2365 312 2423 tandem
325 2363 456 2422 meminit
469 2382 500 2420 se
513 2361 638 2420 audiisse
645 2362 775 2420 homines
784 2363 859 2421 feros
873 2363 987 2421 ossibus

196 2488 368 2544 magnorum
381 2468 503 2546 piscium
521 2478 572 2526 aut
590 2465 717 2525 silicibus
730 2468 821 2525 acutis
834 2468 877 2524 uti
890 2467 927 2525 ad
941 2487 987 2526 sa·

195 2571 605 2648 gittashastasqueacuendas.
631 2569 667 2626 In
675 2588 733 2645 quo
742 2568 807 2625 illos
815 2570 915 2627 statuit
923 2571 987 2627 imi·

195 2676 257 2732 tari.
300 2672 461 2732 Consilium
474 2691 590 2748 quoquc
603 2669 665 2726 iniit
678 2668 769 2726 hastae
787 2668 985 2730 conficiendae.

197 2776 286 2842 Quod
295 2788 451 2850 utrumque
459 2757 555 2829 statim
563 2788 705 2845 agressus,
715 2769 751 2826 ad
760 2769 840 2826 littus
854 2773 988 2840 accurrit,

489 2925 698 2945 ΝΙΝΜΜΝ

226 3033 263 3081 Et
273 3035 301 3079 in
311 3032 458 3095 pristinam,
471 3028 526 3088 tra]
560 3027 594 3075 As
606 3026 677 3076 bows
690 3027 724 3075 do
736 3027 811 3079 when
825 3029 965 3093 unstrung.

214 3178 217 3184 ι
229 3119 366 3178 duantum,
379 3117 433 3177 qn]
467 3115 502 3163 As
514 3129 552 3164 we
562 3114 625 3164 with
636 3129 687 3164 cur
698 3112 764 3166 uest
774 3114 874 3164 knives⁸

226 3205 350 3269 Nervam]
387 3205 446 3254 The
456 3204 552 3270 string.

202 3273 210 3286 ⁸
229 3294 366 3344 consitium
377 3289 451 3350 iniit]
483 3280 527 3338 He
545 3287 715 3357 delilberated.
806 3262 808 3267 i
