2190 3900
117 332 182 387 U.
310 333 500 386 ΜΒΜΟΝ
516 334 721 386 clm

96 457 99 462 ¹
116 464 221 543 plexus
233 464 376 543 provolat.
425 464 505 524 Tmn
515 463 673 544 prefectus
685 444 784 526 nnrrat
795 482 914 528 seneve

116 567 237 627 feliciter
253 567 409 626 admodum
432 568 558 644 potitum
579 587 650 637 esse,
672 567 789 626 nemine
807 567 913 637 occiso,

114 690 169 731 nec
181 670 333 731 vulnerato
344 671 462 748 quidem
474 693 482 735 ;
505 671 615 729 sedicet
633 671 758 730 obscum
770 683 856 730 nocte
874 673 915 731 itu

115 775 254 845 evenisse,
267 783 302 832 ut
313 794 367 833 nec
380 787 587 852 agnosceretur
600 774 671 852 ipse,
690 795 744 834 nec
758 776 878 834 comites
896 796 915 834 a

113 894 188 937 neve
199 877 429 956 prohiberentur.
472 876 751 936 Turbulentissimos
765 877 913 938 seditionis

113 990 245 1038 auctores
259 979 314 1038 sibi
323 979 440 1058 quidem
448 979 604 1049 obstitisse,
616 958 718 1057 captos
731 979 839 1038 veroin
848 981 912 1040 vin·

114 1082 179 1142 culn
192 1084 281 1142 fluisse
294 1083 449 1162 conjectos.
492 1083 551 1141 His
563 1082 657 1154 dictis,
675 1084 756 1143 cibos
769 1085 912 1165 quosdam

112 1186 292 1247 delicatiores
310 1197 328 1245 e'
347 1206 422 1245 nave
442 1185 539 1244 afferri
556 1184 650 1264 jubet,
669 1186 787 1265 lectique
808 1204 909 1246 omnes

111 1286 271 1349 hutissimo
282 1289 415 1348 convivio
428 1287 549 1347 recreati
562 1300 640 1346 sumt.

151 1389 266 1450 Deinde
278 1390 434 1469 praefectus
447 1390 631 1450 Robinsonem
643 1391 758 1470 rogavit
770 1391 909 1468 quidnam

112 1513 189 1552 nunc
202 1493 258 1551 sibi
281 1493 447 1551 faciendum
464 1491 624 1562 mandaret,
640 1508 698 1570 quo
716 1492 771 1569 ipsi
784 1492 908 1568 gratiam

110 1596 298 1676 persolveret
341 1595 422 1655 Huic
447 1596 611 1655 Robinson:
642 1605 748 1673 praeter
774 1595 908 1655 hesterna

111 1698 261 1776 promisse,
273 1699 338 1758 haec
359 1699 415 1758 tria
435 1711 464 1758 te
485 1700 605 1777 rogabo.
648 1697 779 1756 Primum
789 1697 908 1774 quidem

111 1811 144 1859 ut
156 1798 204 1859 hic
212 1799 406 1870 commoreris,
420 1800 513 1859 donec
525 1812 608 1879 pater
620 1800 691 1859 socii
700 1801 759 1858 mei
770 1799 887 1858 redierit
897 1819 905 1868 ;

110 1913 173 1961 tum
186 1913 219 1960 ut
232 1923 279 1963 me
291 1922 430 1980 meosque
442 1903 473 1961 in
485 1923 559 1962 nave
567 1903 712 1980 excipias;
736 1901 860 1979 denique
873 1912 907 1960 ut
924 1960 934 1983 ο

109 2007 258 2064 seditionis
266 2008 434 2066 auctoribus
447 2007 561 2066 veniam
575 2006 731 2067 condones.
753 2005 832 2065 Haec
845 2005 909 2065 sola

109 2105 207 2166 delicti
219 2128 308 2188 poena
320 2109 358 2167 sit
367 2109 397 2167 in
409 2108 464 2168 hee
477 2107 572 2167 in'suld
579 2108 682 2168 deseri.

53 2208 61 2222 ‘
147 2206 310 2271 Praefectus
322 2210 387 2269 haec
408 2223 494 2289 pacta
516 2223 716 2287 conventuque
736 2209 824 2286 quim
838 2208 905 2268 reii-

108 2312 270 2391 giosissime
276 2324 457 2372 servaturum
462 2311 653 2390 sepollicitus,
663 2311 793 2388 captivos
798 2310 905 2369 adduci

102 2412 198 2493 jubet,
209 2415 400 2495 pessimisque
412 2435 514 2475 eorum
527 2414 685 2492 designatis
697 2433 816 2492 poenam
829 2414 903 2472 irro-

108 2529 206 2594 gatam
220 2517 393 2587 denunciat3
416 2535 511 2595 neque
529 2515 570 2574 illi
584 2515 646 2574 siue
663 2512 766 2573 laetitit
776 2514 834 2573 hoc
850 2531 904 2572 au·

392 2699 604 2723 W

138 2824 193 2874 sita·
204 2824 341 2888 obstitisse]
376 2826 440 2875 ned
450 2825 524 2875 mede
532 2825 686 2876 resistcuce.

140 2912 193 2962 Quo
215 2916 265 2977 ipsi
282 2916 398 2978 qratiam
414 2911 585 2978 persolveret]
626 2915 667 2978 By
678 2912 764 2962 which
776 2910 905 2976 hemigbt

104 2999 175 3050 show
184 2999 225 3048 bis
232 2999 375 3062 gratitudo.

105 3088 171 3202 thln
184 3087 329 3203 lltdcdinculd
341 3090 437 3152 deseri]
477 3088 551 3138 'rhu
569 3089 628 3152 they
641 3087 674 3137 be
693 3086 742 3137 lest
761 3083 862 3135 behind
873 3083 904 3136 in

136 3168 184 3203 ets
195 3167 229 3204 en
248 3189 255 3204 .
896 3176 900 3186 ¹
