2190 3900
350 406 539 472 sosinsou
555 416 756 472 consonos
909 414 942 466 ιι

146 555 275 625 octobri,
289 554 419 614 nondum
431 556 557 611 venerati
587 550 686 631 Coepit
697 551 793 649 potitis
802 553 944 613 continuis

156 658 315 718 imbn'bus'
306 670 353 716 ita
358 655 467 734 pluere,
479 665 511 714 ut
519 656 609 714 aerin
618 674 722 731 aquarn
727 644 860 714 mutatus
857 657 944 716 vide·
989 663 993 672 '

149 757 246 816 'setun
266 754 848 833 Necsa'tisliquebatRobinsoniquoensm
859 756 946 834 hujus

157 858 198 916 rei
212 868 287 917 esset
299 877 396 916 causa.
437 855 612 920 Quindecim
628 857 690 914 dies
703 855 793 933 elapsi
806 866 948 925 erant‚ex

146 977 215 1036 quo
228 978 286 1017 non
297 958 413 1051 longius
430 957 576 1016 domicilio
595 977 649 1016 suo
666 976 836 1055 progressus
856 957 951 1016 fuerat

155 1063 243 1154 quam
256 1061 294 1120 ad
302 1046 417 1130 cellam,
433 1071 465 1118 ut
478 1060 612 1119 alimenta
624 1071 654 1119 et
667 1080 793 1139 uquam
785 1062 840 1119 sibi
851 1061 949 1120 lamis·

156 1183 212 1253 que
225 1175 343 1242 peteret.
386 1162 552 1239 Reliquum
558 1175 672 1241 tempus
685 1162 866 1238 omneveluti
880 1181 948 1240 cap-
1011 1151 1018 1162 ⁸

155 1267 215 1325 tivo
227 1267 337 1325 homini
350 1266 514 1343 degendum
527 1267 592 1325 fuit.
832 1256 834 1261 ¹

152 1380 156 1393 ¹
194 1352 394 1446 Eheuiquim
403 1369 485 1426 tarde
498 1378 612 1446 tempus
621 1388 697 1427 nunc
710 1368 864 1428 Robinsoni
873 1358 949 1427 trahi

145 1468 250 1553 'uisum
270 1481 322 1539 est,
345 1469 416 1528 nihil
430 1449 535 1546 agenti,
550 1483 580 1528 et
595 1469 741 1528 solitario!
784 1457 949 1548 Nuncper·

145 1570 151 1585 ”
157 1571 254 1646 spexit
262 1572 348 1646 quum
356 1590 425 1628 vera
433 1582 528 1628 essent
538 1589 605 1646 quae
616 1571 722 1646 saepiirs
731 1558 862 1647 magistri
871 1589 948 1647 pree·

155 1681 299 1749 ceperant,
318 1690 366 1728 eas
387 1690 457 1748 opes
478 1690 540 1728 esse
556 1671 698 1748 parandas
718 1691 785 1748 quae
802 1673 860 1730 unu
882 1691 948 1775 cum

154 1771 299 1850 naufrago
311 1772 424 1851 possint
437 1783 570 1831 enatares
618 1799 621 1803 ⁴

194 1871 223 1930 0
237 1893 284 1932 me
297 1874 327 1930 in
340 1871 463 1957 pueritia
475 1870 605 1943 stultum,
619 1873 800 1945 exclamauit,
814 1875 866 1952 qui
879 1874 949 1934 scri-

143 1973 223 2030 'bere
246 1984 295 2030 aut
313 1971 410 2048 legere
427 1971 590 2043 molestum,
612 1974 696 2032 otiari
708 1977 777 2034 vero
785 1965 948 2052 jucundum
987 2005 990 2012 ·

145 2054 395 2141 existimauerim!
438 2075 467 2134 O
481 2078 591 2136 utinam
601 2096 676 2155 quas
696 2079 766 2138 olirn
779 2068 947 2158 aspernatus

154 2197 220 2236 sum
233 2178 378 2237 doctrinas
391 2180 530 2238 memoria
543 2185 685 2239 tenerem!
729 2182 778 2240 Ex
797 2184 853 2242 hoc
869 2202 946 2261 penu

155 2279 314 2339 domestico
321 2262 399 2339 nunc
412 2267 609 2370 depromerem
618 2283 698 2358 quod
705 2295 845 2341 essetnon
853 2284 957 2342 solum

144 2381 226 2439 ‘citae
234 2381 397 2449 oblectatio,
403 2381 455 2438 sed
464 2382 549 2439 etiarn
557 2380 751 2439 levamentum
756 2369 946 2442 miseriarum.

147 2491 151 2499 '
199 2461 290 2559 Cujus
303 2481 361 2539 otii
368 2477 531 2558 pertaesum
536 2482 690 2571 necessitas
703 2483 798 2577 coegit
810 2495 844 2542 ut
855 2485 948 2546 varias

157 2603 203 2642 res
214 2585 354 2661 gerendas
362 2584 518 2662 suscrperet
526 2603 597 2660 quas
606 2603 757 2663 nunquam
762 2589 846 2646 entes
856 2601 948 2649 tenta

144 2690 245 2745 't’erat
269 2684 325 2744 J
290 2704 336 2744 arn
350 2685 400 2744 diu
413 2685 564 2746 consilium
574 2686 641 2745 ollae
651 2700 701 2748 ant
708 2688 854 2767 lampadis
849 2692 946 2751 fabri·

448 2808 655 2852 κωκύω»

162 2875 340 2981 ΙΡαιίιιιιῖαι]
373 2907 577 2975 Tobelaidup.
678 2928 681 2935 ¹

185 2992 251 3043 Ὠιιω
267 2995 318 3043 unu
336 3011 391 3044 cum
407 2999 508 3063 possint
523 2992 645 3059 enatare]
685 2997 780 3048 Which
798 2994 893 3049 should

154 3077 254 3129 ableto
266 3095 360 3145 escape
371 3081 435 3129 with
447 3094 498 3129 one
510 3095 575 3131 even
588 3083 662 3132 when
674 3083 897 3148 shipwrecked.

187 3164 424 3244 Penudomettico]
452 3166 588 3217 Domestrc
599 3172 680 3230 storo,
687 3168 740 3219 viz.
751 3167 880 3234 learning.

189 3244 341 3320 Per'toeaain]
364 3236 560 3304 tuobinsonem
565 3257 716 3320 pertusum

189 3336 266 3401 Olloe]
301 3338 617 3404 Apottoboilrnestin.
669 3332 671 3339 '

529 3433 580 3485 ιδ

670 3533 685 3564 S
