2190 3900
339 387 528 442 romeon
544 387 747 438 CRUSOEUS.
893 387 940 436 231

145 524 314 593 snendisset,
326 541 381 600 per
397 521 603 581 circumfusam
617 521 808 598 specuntnun
826 522 941 584 turbem

146 627 177 682 in
188 624 345 701 hospitium
358 625 525 703 proximum
534 644 566 682 se
579 623 710 682 contulit.
750 622 823 683 Inde
837 624 941 683 nuncio

54 736 57 743 '
147 722 186 781 sd
195 734 310 802 patrem
320 724 418 795 muso,
433 724 544 783 curavit
554 735 588 781 ut
599 725 694 782 bonus
703 723 840 783 senexsd
851 723 941 781 filiurn

146 826 332 884 revisendum
339 829 424 886 caute
434 837 646 904 praepnraretur
655 847 664 896 3
679 825 758 902 quod
767 835 942 902 petertentae

146 945 206 988 non
220 946 314 1008 capax
324 930 436 990 ltetitiae
449 929 641 990 occubuisset.

185 1031 254 1090 Jsm
267 1032 344 1092 filius
355 1034 418 1112 ipse
429 1032 600 1111 perplateos
613 1030 682 1090 satis
696 1029 750 1089 sihi
764 1030 896 1107 cognitos
905 1033 943 1091 sd

148 1133 258 1210 patrios
268 1134 386 1212 penates
400 1134 543 1213 provolat,
562 1133 739 1211 domumque
751 1144 902 1192 assecutus
913 1135 943 1193 iu

145 1237 237 1311 patris
247 1239 355 1315 gaudio
363 1237 533 1316 trepidantis
545 1237 697 1316 amplexus
704 1237 774 1296 ruit.
804 1236 832 1295 0
846 1240 941 1315 pater!

146 1354 166 1391 o
179 1335 236 1391 filit
256 1340 442 1395 nascentum
452 1343 537 1396 ambo
551 1341 647 1413 eloqui
655 1353 821 1414 potuerunt
853 1341 941 1412 Mut'u

149 1434 264 1512 trepidi,
276 1435 438 1512 spirituque
450 1436 617 1506 intercluso,
626 1437 698 1495 alter
706 1439 824 1496 alterius
837 1460 852 1496 e
867 1442 942 1501 colio

148 1539 284 1617 pendero,
298 1540 392 1599 donec
410 1540 455 1598 vis
468 1539 594 1617 benignu
608 1541 801 1618 lacrymarum
814 1543 942 1605 animum

149 1642 298 1718 utriusque
311 1662 482 1721 oppressum
491 1643 609 1702 ievavit.

187 1743 303 1803 Interes
312 1744 420 1825 Fniday
430 1746 550 1804 miretur
558 1743 739 1821 frequentem
746 1745 828 1803 tectis
842 1748 942 1816 urbem

149 1857 302 1924 stupetque
321 1847 433 1905 inhians
448 1847 598 1905 innumera
610 1864 707 1904 rerum
719 1845 860 1905 mireeuhr
875 1851 944 1924 quae'

150 1966 227 2004 nunc
244 1949 372 2025 undique
390 1950 483 2007 oculis
502 1951 701 2008 obversantur.
744 1948 879 2012 Quorum
896 1969 942 2008 as·

149 2065 237 2126 pectu
249 2050 346 2109 satiari
358 2072 417 2111 non
436 2053 541 2130 potuit.
583 2051 628 2111 Ac
648 2053 741 2131 primo
765 2052 812 2111 die
833 2053 942 2112 nullam

150 2171 210 2210 rem
232 2154 269 2212 ab
291 2153 347 2213 alit
360 2135 567 2232 distinguebat.
582 2155 662 2215 tenth
682 2157 770 2214 animi
790 2159 941 2233 perturba·

149 2255 230 2314 tione
239 2268 273 2312 ut
285 2268 363 2314 esset
373 2257 455 2332 quasi
467 2257 557 2312 hebes
570 2256 662 2312 oeulis
674 2268 704 2314 et
716 2257 820 2314 animo.

190 2356 277 2415 Pater
290 2356 457 2414 Robinsonis
470 2355 584 2413 institor
597 2367 667 2413 erat.
690 2355 847 2433 Propterea
859 2372 942 2436 opto·

110 2512 114 2520 .
150 2461 192 2518 vit
206 2472 238 2518 ut
251 2459 328 2518 filius
339 2460 368 2518 in
382 2459 543 2518 mercaturi
556 2472 748 2529 exerceretur,
758 2481 846 2539 seque
850 2482 941 2540 praes·

150 2574 224 2619 taret
237 2581 303 2619 eurn
317 2561 366 2637 qui
380 2561 435 2618 sibi
448 2560 585 2619 defuncto
594 2562 769 2621 succederet.
799 2562 942 2622 Robinson

450 2721 656 2741 ΝΜΙΙΙΜΙ

183 2825 235 2874 Per·
246 2830 426 2891 circumfusam
440 2832 611 2894 spectantium
628 2829 744 2894 turbam]
778 2830 909 2896 Through
927 2848 944 2882 ι

151 2910 239 2960 crowd
250 2911 282 2960 os
287 2913 456 2978 by·stunders

183 2997 353 3061 Frequentem
365 3001 451 3086 tectis]
487 3002 617 3052 Crowded
628 3002 692 3051 with
701 3003 806 3052 houses.

168 3084 280 3145 ficher]
315 3086 499 3152 Dull‚stupid.

186 3169 311 3235 Institor]
346 3172 473 3222 Asactor.

183 3261 262 3323 Seque
270 3268 411 3326 prostaret
422 3261 492 3324 enm]
519 3259 617 3310 Should
626 3258 724 3325 quelisy
737 3257 846 3308 himself.
