2190 3900
198 413 230 463 48
388 410 576 462 uoumsou
593 411 794 470 CRUSOEUS.
897 465 903 471 ,

91 556 94 561 ·
198 546 355 604 humanum
375 557 438 604 erat
450 546 583 605 timorem
598 566 705 607 vanum
725 560 755 607 et
774 548 878 610 anilem
893 533 992 612 conci·

197 667 274 726 pere.
963 640 968 651 ⁸

238 750 364 809 Sedebat
376 750 424 810 ille
437 751 467 809 in
480 751 588 828 angulo
600 751 753 830 speluncae,
768 751 877 831 junctis
895 756 989 815 mani·

197 854 466 932 bus,praesent1bus
481 855 615 931 graviora
635 875 702 933 quse
723 870 909 932 sequerentur
927 880 988 919 me-

197 970 289 1016 tuens.
312 957 431 1015 Interim
441 957 533 1017 imber
544 957 684 1035 ingruere,
698 956 814 1034 fulgura
827 979 988 1031 coruscare,
1015 994 1018 1001 ·

196 1059 468 1136 tonitruaperpetub
476 1077 619 1118 resonare.
649 1059 988 1141 Appropinquabathora

196 1159 362 1228 meridiana,
383 1158 507 1217 necdum
530 1172 684 1237 tempestas
703 1162 882 1224 desaevierat.
924 1162 989 1222 Nec

196 1261 258 1338 ipse
277 1260 395 1338 quidem
413 1259 539 1320 multimr
558 1257 702 1322 esuriebat
717 1263 868 1334 Robinson,
881 1256 988 1342 quippe

197 1360 243 1418 cui
263 1359 368 1419 famem
381 1379 496 1417 ornnem
517 1379 609 1437 angor
627 1362 799 1433 exemisset3
821 1362 893 1422 adeb
907 1362 988 1421 tetris

196 1462 418 1540 cogitationibus
437 1462 666 1521 excruciabatur.

236 1563 325 1624 Venit
346 1563 414 1622 sane
436 1563 505 1634 dies,
520 1565 560 1623 ait
576 1563 624 1623 ille
645 1584 752 1635 secum,
766 1565 795 1624 in
808 1564 866 1643 qui
878 1563 987 1642 placuit
1015 1577 1017 1580 ’

195 1667 260 1727 Deo
273 1679 424 1746 parentum
445 1666 533 1726 ultori
545 1687 647 1746 poenas
667 1688 686 1728 a
701 1688 748 1728 me
761 1679 906 1746 repetere;
933 1685 987 1724 nec

195 1762 302 1829 diutius
315 1769 365 1828 ille
377 1768 496 1847 paterni
507 1789 555 1828 me
568 1769 705 1827 charitate
718 1750 822 1826 tuetur.
859 1766 987 1826 Pereun-

195 1871 266 1929 rlum
286 1870 357 1928 mihi
377 1883 438 1941 θεῖς
466 1890 612 1956 nunquam
638 1887 693 1946 ego
712 1877 846 1946 parentes
866 1867 987 1928 miseros

194 1993 327 2038 revisam.

201 2047 207 2077 ἲ
233 2075 315 2135 Dum
334 2075 399 2135 haee
422 2093 520 2134 aecum
540 2073 605 2151 ipsa
621 2070 711 2130 tristis
723 2069 824 2140 volvit,
838 2063 984 2130 vim‘tem-

193 2188 290 2258 pestus
310 2176 438 2246 remittit,
459 2185 489 2233 et
505 2173 567 2254 jam
588 2191 653 2252 spes
674 2173 841 2233 Robiaroais
858 2172 985 2233 animum

192 2292 302 2341 recreat
313 2303 320 2351 3
343 2293 405 2361 turn
425 2277 514 2354 igitur
526 2277 557 2336 in
569 2277 646 2336 viam
669 2297 700 2337 se
721 2278 853 2338 conferre
874 2277 983 2337 statuit.

192 2382 269 2445 Cium
281 2396 378 2444 autem
391 2382 420 2440 in
433 2400 469 2440 eo
481 2393 557 2440 esset
568 2392 601 2439 ut
609 2401 708 2461 peram
722 2382 901 2459 securimque
914 2377 984 2438 arri-

190 2499 281 2566 peret,
303 2506 370 2547 ecee
391 2485 487 2549 subita
501 2526 635 2546 ......
654 2483 805 2547 Attonitus
826 2485 857 2542 in
878 2495 984 2542 terram

190 2587 323 2666 procidit.
339 2630 354 2653 ‚.

214 2678 218 2687 ’
232 2687 349 2749 Scilicet
360 2690 447 2750 arbor
459 2691 606 2770 speluncae
619 2686 770 2748 imminens
783 2686 903 2746 fulmine
915 2683 980 2758 icta,

192 2802 272 2851 tanto
285 2791 401 2870 fragore
413 2793 545 2870 disrupta
556 2803 601 2850 est
612 2790 795 2851 utliobiaaoa
803 2789 982 2851 exanimatus

488 2925 680 2947 onumen»

223 3009 372 3059 Humanam
382 3009 454 3068 arat]
470 3006 498 3055 lt
509 3018 561 3054 was
572 3006 686 3056 natural.

223 3093 333 3158 Aniba]
370 3090 580 3143 oldwonranish.
848 3156 854 3165 ⁸

221 3177 362 3248 laynam]
396 3178 477 3229 cama
487 3177 563 3228 down
575 3178 639 3228 with
650 3176 818 3231 tremendam
832 3178 914 3232 force.

223 3269 316 3319 Poeaas
326 3283 388 3318 asra
398 3263 528 3332 repetere]
546 3267 589 3315 To
600 3265 698 3333 punish
708 3262 757 3316 nra.

223 3356 343 3407 Romarm
353 3353 417 3423 vin]
434 3354 534 3421 Regius
544 3358 575 3405 to
586 3353 670 3406 abate.
760 3420 762 3425 Ι

158 3506 160 3511 ⁴
224 3442 357 3508 spatam
367 3440 509 3506 mtrem]
542 3426 880 3510 nmgrnga'vernenn.
