2190 3900
146 408 164 454 2
263 408 267 414 '
339 403 528 455 ROBINSON
544 403 748 456 cnutonis.

186 537 263 597 Cdm
277 538 326 599 ille
343 538 492 598 didicisset
510 557 562 617 per
575 538 686 616 aliquot
698 557 810 598 menses
823 550 900 597 stare
912 549 941 596 et

116 698 120 707 s
145 642 235 718 sequi,
257 653 369 700 vertere
392 661 497 720 corpus
518 641 556 699 ad
581 641 726 699 sinistram
746 640 941 706 dexteramvc,

62 759 66 764 '
145 744 253 803 exarsit
262 743 372 802 bellum
379 743 491 803 Turcas
501 744 576 802 inter
589 744 624 800 ef
631 742 754 818 Anglos,
766 714 800 800 iri
808 739 941 820 quocum

145 845 242 923 multa¹
250 847 365 923 egregie
383 846 507 914 fecisset,
526 843 631 929 cecidit
647 844 773 925 adverso
789 844 942 920 conlossus

147 943 274 1001 vulnere.
326 939 330 946 ’
957 1003 958 1006 ¹

179 1044 264 1102 Alter
277 1044 327 1121 qui
337 1043 447 1102 litteras
460 1044 490 1101 in
503 1042 655 1120 gymnasio
663 1041 793 1101 discebat
801 1053 834 1099 ut
841 1059 942 1100 causas

148 1147 176 1205 in
192 1146 371 1223 firroageret,
383 1148 462 1224 saepe
473 1146 667 1224 principatum
677 1146 752 1203 inter
762 1144 889 1222 aequales
899 1145 943 1202 in·

146 1245 237 1304 solitis
252 1248 513 1307 concertationibus
527 1247 692 1322 obtinebat3
713 1267 766 1305 nec
778 1265 869 1324 parva
881 1257 944 1305 erat

146 1359 298 1425 parentum
310 1350 574 1426 magistrorumque
587 1348 629 1429 ¹de
642 1348 751 1426 juvene
763 1347 940 1424 expectatiot
969 1407 971 1410 ,

147 1449 199 1506 sed
213 1449 278 1507 crim
292 1449 366 1508 forte
376 1451 407 1508 in
419 1451 497 1509 seriis
510 1451 749 1528 septembralibus
758 1469 879 1527 corpore
892 1447 944 1506 ad·

142 1548 204 1609 buc
218 1550 312 1609 calido
325 1571 430 1629 aquam
443 1552 579 1630 frigidam
591 1552 804 1631 imprudentius
813 1550 943 1618 bibisset,

146 1653 177 1712 in
194 1655 328 1715 morbum
340 1654 442 1716 incidit
457 1656 576 1716 et'intra
588 1675 696 1736 paucos
709 1656 771 1716 dics
779 1654 945 1715 exstinctus

148 1768 203 1838 est·
254 1827 258 1834 ,
638 1779 640 1782 ’
708 1810 710 1814 .
899 1757 903 1763 '

187 1853 206 1910 J
207 1873 254 1912 am
267 1853 365 1913 nullus
373 1866 523 1933 supererat
530 1866 638 1933 praeter
646 1855 798 1923 minimum
808 1866 887 1924 natu,
895 1856 945 1932 qui

152 1954 259 2014 Crcsoc
279 1956 488 2035 appellabatur.
531 1957 635 2034 ltaque
655 1975 738 2016 suam
758 1957 789 2017 in
808 1975 844 2016 eo
864 1975 946 2035 spem

151 2041 268 2117 omnem
283 2061 369 2118 ambo
379 2065 516 2136 parentes
530 2058 761 2130 concrescunt..
770 2058 880 2137 quippe
892 2060 948 2137 qui

148 2161 218 2238 ipsis
229 2174 305 2220 esset
318 2163 430 2222 unicus.
473 2161 555 2221 Nihil
569 2182 604 2220 eo
617 2162 711 2221 carius
724 2162 753 2220 in
764 2163 848 2222 terris
858 2161 947 2220 babe-

149 2264 233 2335 bant3
249 2265 302 2324 sed
312 2287 393 2326 amor
406 2286 508 2328 eorum
522 2287 580 2326 non
591 2279 653 2326 erat
662 2278 750 2326 rectae
760 2266 865 2325 rationi
878 2285 947 2324 con·

151 2381 314 2430 sentaneus.
384 2400 389 2408 ·
772 2362 776 2371 ’

185 2470 271 2532 cnm
286 2474 363 2534 enirn
377 2462 545 2534 debuissent
566 2489 675 2535 certam
688 2473 715 2534 ei
727 2474 844 2535 vivendi
862 2473 948 2533 disciss

152 2569 260 2647 plinanr
281 2573 404 2642 tradere,
421 2574 572 2650 multaque
585 2576 668 2636 utilia
683 2574 768 2633 simul
781 2585 811 2632 et
818 2572 949 2652 jucundti

450 2712 648 2733 ONOONOMOO

185 2790 299 2841 Adverso
308 2790 431 2860 minere]
464 2793 506 2858 By
518 2808 534 2842 a
546 2792 645 2845 wcund
655 2793 683 2844 in
694 2793 776 2844 licut.
877 2790 881 2797 ’

185 2875 274 2944 Alter]
307 2870 549 2937 'titrsscsonuson
771 2900 774 2905 '

160 2962 379 3031 Principem]
412 2968 473 3018 'l'bc
486 2967 693 3034 pre-eminemu-

187 3051 220 3105 In
233 3053 314 3114 fertis
331 3055 557 3126 asptmbrultbsr]
589 3057 696 3122 During
713 3057 760 3110 tbc
779 3053 952 3107 lichnum

154 3137 289 3204 bolydays.
764 3199 769 3208 ,
944 3186 951 3199 ,

184 3227 354 3292 Itoqttc‚&c.]
390 3231 468 3293 Ordo,
475 3233 572 3297 Itaque
581 3233 657 3284 ambo
669 3237 792 3300 parentes
803 3228 951 3283 collocara-

153 3316 595 3384 runtomncmsuaurspcmlneo.
659 3371 661 3375 .

168 3400 359 3477 mimoni]
394 3403 642 3472 smingttatbo„
844 3442 848 3457 .
890 3444 933 3454 ..
