2190 3900
159 386 161 390 .
184 354 217 402 st
375 355 564 407 ROBINSON
582 358 787 411 CRUSOEUS.

186 485 252 543 crim
265 506 281 544 e
291 485 387 546 littore
396 485 488 544 oculis
495 487 619 545 madidis
627 500 656 546 et
662 487 866 566 languentibus
878 493 978 550 oceani

186 589 436 666 circumspectaret
444 590 674 661 immensitatem,
683 612 776 669 neque
784 593 862 651 aliud
872 607 979 670 praeter

186 712 298 768 aquam,
312 704 418 768 praeter
433 692 540 750 coelum
551 695 737 771 conspiceret.
781 695 904 761 Quoties
917 697 979 763 ani:

184 816 249 854 mus
263 796 324 873 ejus
345 796 433 854 dubit
453 817 504 875 spe
524 797 676 875 pendebat,
700 800 766 856 crim
787 820 803 858 e
819 799 979 877 longinquo

183 899 360 975 prospiceret
372 899 544 957 nubeculam
558 920 595 957 ex
603 920 720 976 aequore
731 901 813 976 quasi
827 921 977 976 emergen-

183 1014 249 1067 tem,
264 1019 351 1074 quam
364 1001 419 1058 sibi
433 1000 606 1077 cogitatione
626 1020 729 1058 navem
741 999 824 1059 malis
846 999 978 1076 velisque

181 1101 507 1178 instructamfingebat.
557 1101 633 1160 Cium
655 1104 722 1160 verb
744 1122 870 1161 errorem
891 1122 977 1160 suum

182 1205 429 1272 animadverterat,
444 1217 551 1281 quanto
562 1205 650 1273 luctu,
669 1206 777 1282 quantis
789 1207 877 1265 animi
889 1207 978 1283 aegri·

181 1305 280 1363 tudine
294 1326 448 1383 oppressus
462 1307 581 1364 domum
592 1309 805 1365 revertebatur!
1015 1288 1026 1294 ”

221 1407 338 1466 Veritus
354 1423 451 1467 autem
465 1430 500 1467 ne
514 1410 594 1468 navis
607 1409 702 1487 aliqua
716 1409 841 1467 insulum
854 1422 975 1486 praeter-

180 1525 294 1572 veretur
317 1526 367 1571 aut
395 1513 481 1571 etiam
510 1514 588 1590 apud
611 1534 673 1571 eam
701 1514 838 1572 anchoras
855 1511 974 1590 jaceret,

180 1613 246 1673 eum
260 1613 320 1693 ipse
334 1613 363 1670 in
376 1612 472 1672 littore
482 1634 540 1672 non
553 1614 675 1683 adesset,
685 1615 714 1672 in
724 1614 836 1672 tumulo
847 1614 973 1690 quodam

179 1717 320 1775 eminente
333 1716 447 1791 signum
457 1716 567 1792 erigere
576 1717 683 1784 statuit,
695 1737 753 1792 quo
764 1714 973 1792 appellentibus

180 1837 262 1874 suam
289 1817 480 1873 calamitatem
501 1816 648 1872 indicaret.
691 1815 792 1872 Stabat
813 1836 867 1890 pro
888 1817 972 1892 signo

177 1917 289 1992 tignum
303 1934 340 1971 ex
353 1933 412 1990 quo
421 1912 575 1983 indusium,
588 1925 621 1970 ut
630 1924 691 1970 erat
705 1906 820 1970 omnini>
829 1914 969 1986 attritum,

177 2012 381 2090 suspenderat;
403 2012 491 2070 verba
504 2013 619 2088 quoque
633 2011 700 2090 palo
714 2011 869 2071 inscribere
883 2015 969 2073 vehe-

176 2127 285 2173 menter
299 2113 409 2190 optavit
422 2113 526 2189 quibus
534 2113 669 2171 miseram
682 2134 763 2172 suam
777 2115 969 2176 conditionem

174 2218 300 2300 apertius
314 2218 497 2296 significaret.
540 2217 609 2282 Qut
626 2221 694 2277 vero
707 2220 837 2278 ratione?
878 2220 969 2302 Nulla

174 2321 230 2380 alia
242 2336 304 2381 erat
317 2322 347 2380 in
359 2333 510 2400 potestate,
532 2321 586 2379 nisi
608 2334 641 2379 ut
658 2323 768 2381 litteras
790 2323 882 2381 cultro
895 2322 967 2400 lapi-

173 2424 432 2503 deo'insculperet:
454 2423 579 2501 quinam
592 2437 688 2483 autem
701 2424 819 2502 linguis?

207 2528 238 2585 Si
247 2530 323 2586 enim
334 2527 479 2586 Gallicum
488 2527 534 2584 vel
543 2525 701 2604 Anglicum
712 2546 873 2585 sermonem
881 2546 966 2585 usur·

172 2628 276 2708 piasset,
292 2627 353 2686 fieri
366 2641 479 2706 poterat
492 2642 524 2687 ut
538 2629 619 2687 navis
632 2628 814 2698 Germanica,
829 2641 879 2686 aut
893 2627 968 2686 His·

460 2795 487 2814 O!
491 2792 665 2814 nonnum

205 2895 379 2962 Coyitatione]
413 2898 446 2946 In
459 2897 500 2945 bis
510 2895 645 2960 thoughts.

202 2986 278 3050 Apud
290 2983 358 3049 eam]
392 2985 496 3036 within
508 2983 579 3049 sight
590 2983 622 3032 oi
634 2984 680 3034 tbe
690 2981 777 3031 island
786 3001 795 3043 ;
813 2996 854 3041 or,
873 2982 899 3030 in
918 2983 962 3032 the

170 3087 214 3121 sea
225 3073 329 3136 phrase,
341 3069 388 3122 oli
394 3071 441 3119 the
452 3069 546 3119 island.

200 3156 403 3223 appellentibus]
440 3157 483 3206 To
493 3154 570 3204 those
584 3153 702 3218 landing.

203 3242 325 3310 Tipasam]
361 3242 456 3306 Along
471 3239 556 3305 pole]
654 3238 736 3305 Palo]
770 3239 950 3303 Ontbepole.
