2190 3900
338 424 526 478 uoumsert
542 424 743 476 CRUSOEUE.
892 422 939 472 1oe

187 557 252 618 Far.
274 557 330 617 Fui
349 559 497 643 nequidem.
539 558 657 619 Fateor!
688 572 757 619 tunc
777 570 873 620 eutem
893 559 938 638 ig-

146 660 284 718 norabam
297 651 377 719 nefas
390 680 462 720 esse.
487 672 489 677 '

188 761 263 821 Res.
285 761 451 827 Quamnam
463 764 533 822 verb
545 747 583 823 ud
595 771 707 840 partem
719 759 823 819 insulae
836 779 939 821 narem

147 864 292 942 appellere
305 865 516 925 consuevistis?
737 873 740 878 '

187 965 252 1026 Fur.
274 966 324 1026 Ad
336 966 553 1029 meridionalem
560 985 650 1037 oram,
656 963 792 1043 queniam
800 962 850 1023 illa
856 963 940 1024 uobis

146 1068 287 1144 proxima,
301 1069 510 1147 arboribusque
522 1069 676 1130 eomasaeis
689 1067 826 1127 abundat.

187 1169 235 1228 Ex
243 1171 299 1230 hee
308 1171 450 1230 Robinson
458 1172 551 1249 magis
561 1155 705 1230 intelleirit
714 1189 745 1228 se
754 1187 808 1228 nec
820 1167 862 1227 sie
875 1167 940 1247 qui·

146 1272 212 1333 dem
224 1273 327 1352 parium
339 1274 454 1334 felicem
466 1274 556 1334 fuiss'e
572 1272 652 1351 qudd
671 1273 702 1332 in
723 1272 939 1351 septentrionali

143 1395 204 1434 nen
217 1376 246 1434 in
259 1376 439 1435 meridionali
451 1375 554 1436 insulae
567 1375 619 1435 ord
627 1375 811 1453 naufragium
820 1374 938 1446 fecerat,

146 1476 274 1552 alioquin
286 1496 319 1535 se
330 1477 459 1553 proedam
471 1477 618 1537 imbellem
630 1477 698 1536 feris
713 1477 879 1537 horninibus
892 1477 939 1536 fu·

147 1590 245 1637 turum
257 1578 355 1650 fuisse,
372 1599 406 1639 ae
419 1580 515 1640 denub
528 1580 681 1658 pollicetur
694 1600 726 1640 se
738 1599 804 1639 eum
823 1600 858 1639 ee
870 1600 939 1659 pre·

146 1680 225 1739 xime
237 1680 276 1739 ad
287 1691 399 1758 petrem
419 1682 620 1742 aroemendurn
638 1682 836 1761 profecturum
854 1694 937 1753 esser
961 1680 967 1691 '

146 1782 198 1840 sed
207 1802 371 1861 quanquam
379 1784 475 1844 animo
483 1783 610 1863 cupienti
619 1783 691 1843 nibil
699 1785 768 1846 satis
776 1783 938 1855 festinatur,

145 1885 302 1947 innuitboe
314 1886 344 1946 in
356 1907 486 1966 praesens
498 1887 561 1946 fieri
573 1906 632 1946 nen
644 1906 731 1965 posse
741 1909 749 1958 3
772 1907 849 1946 nunc
862 1884 939 1947 en'im

145 1987 222 2045 horti
235 1987 348 2048 colendi
361 2001 475 2068 tempus
487 1989 604 2048 instare.

85 2140 89 2145 .
186 2088 234 2147 nn
248 2089 336 2168 igitur
345 2091 443 2150 anem
454 2091 522 2150 nuc
530 2073 677 2169 praec'ipus
690 2089 808 2168 negotio
821 2107 940 2170 operm

145 2191 224 2250 dant.
259 2191 413 2253 Certamen
426 2204 488 2251 erat
500 2193 686 2251 Rehimenam
697 2193 772 2251 inter
785 2205 815 2250 et
827 2192 939 2252 socium

145 2305 209 2352 uter
222 2291 388 2368 diligentius
401 2303 509 2350 terram
530 2290 705 2348 sollicitaret.
748 2289 826 2347 cum
841 2304 940 2350 autem

144 2393 279 2450 blabore
292 2401 436 2460 vacarent,
453 2389 651 2448 instrumentis
671 2388 830 2469 aptioribus
848 2388 939 2458 cende

146 2492 254 2552 ciendis
268 2503 382 2570 tempus
394 2490 597 2569 inpendebant.

151 2650 155 2660 ,
186 2594 338 2664 Robinson,
352 2592 434 2672 cujus
446 2592 614 2671 patientiam
626 2591 773 2676 ingenium
794 2594 941 2670 aequobat,¹

147 2708 271 2756 rastrum
297 2713 414 2772 queque
439 2692 556 2753 tandem
580 2675 705 2753 confecit
730 2691 803 2763 sibi‚'
821 2692 875 2752 etsi
900 2693 940 2752 ad

180 2915 233 2964 Nee
244 2917 280 2963 sic
292 2914 392 2977 quidem
399 2914 493 2978 perdet
497 2916 603 2976 felicem
608 2915 706 2978 fitieee]
737 2913 801 2965 neu
812 2915 861 2961 nel
869 2911 938 2962 beau

146 3015 175 3050 so
187 2999 307 3064 unlueky
319 2997 442 3050 roualt
695 3057 697 3061 v

178 3085 321 3152 imbellem]
353 3085 533 3136 Feeble-one
547 3089 595 3137 not
613 3086 642 3138 in
654 3089 749 3137 astato
763 3091 792 3136 to
805 3083 880 3135 malie
896 3097 939 3134 re·
1025 3156 1028 3164 Ι

147 3173 269 3223 sistanoe.

180 3261 372 3325 Arcessendem]
405 3262 448 3310 Te
460 3260 538 3312 fetob.

180 3341 353 3410 Solliciterel]
388 3343 489 3396 should
500 3345 555 3410 dig.
