2190 3900
344 395 533 451 RoBINSON
549 394 751 447 GRUSOEUS.
896 385 942 443 169

187 528 268 590 Tum
276 530 420 589 Robinson
431 530 462 588 in
474 543 587 588 summo
596 526 789 602 montequim
797 523 943 587 celerrime
1009 532 1014 537 '

147 630 250 707 ignem
273 630 388 706 largum
412 628 553 696 accendit,
578 645 637 702 quo
663 624 838 700 significaret
856 625 942 683 maris

150 729 265 788 saevitit
291 729 462 788 conflictatio
479 740 584 797 ‘tutum
608 727 656 784 hic
683 745 746 784 esse
768 723 944 802 perfugium.

150 833 221 892 Non
234 832 540 909 dubitavitenimquin
552 842 628 890 esset
634 830 666 888 in
679 828 842 907 propinquo
851 825 947 902 aliqua

145 935 232 1008 ¹novis
246 955 312 1012 quae
325 947 444 1012 propter
457 932 618 1011 periculum
628 941 805 991 tormentum
813 928 948 1006 explose-

145 1047 212 1094 rat·
226 1034 287 1093 Vix
296 1021 398 1105 'autem
407 1035 524 1094 flamma
533 1045 688 1104 exarserat,
702 1032 769 1091 crim
782 1031 881 1091 effusis
893 1032 947 1089 im·

151 1137 251 1194 bribus
262 1137 336 1213 ignis
350 1137 494 1195 extinctus
503 1147 555 1194 est.
597 1135 739 1193 Robinson
752 1134 905 1210 sociusque
918 1134 948 1191 in

151 1232 319 1311 speluncam
332 1253 363 1291 se
377 1233 432 1311 ipsi
442 1231 592 1309 recipiunt,
606 1250 643 1289 ne
655 1230 738 1307 aquis
750 1229 937 1311 abripiantur.

145 1366 148 1371 ·
191 1334 371 1413 Tempestas,
395 1334 509 1392 nonnisi
530 1334 577 1392 die
600 1333 713 1401 oborto,
736 1327 832 1390 furere
852 1332 946 1399 desiit.

146 1434 220 1511 ¹dam
227 1435 371 1493 Robinson
381 1433 487 1490 dubius
482 1452 577 1509 spem
584 1432 658 1489 inter
669 1443 699 1489 et
706 1443 815 1490 metum
823 1432 861 1490 ad
868 1433 950 1493 littus

148 1537 309 1620 procurrit,
324 1533 528 1612 exploraturus
549 1551 703 1609 quemnam
718 1553 821 1593 sonum
834 1535 951 1593 auribus

152 1637 319 1715 accepisset.
362 1635 571 1693 Primoeutem
583 1635 951 1712 aspectumagnusRodin·
984 1657 987 1663 ·

145 1738 347 1808 ,sonendolon
356 1736 846 1815 sociumverodesperatioincessit.
878 1738 951 1797 Pro·

153 1841 228 1921 cella
242 1841 378 1901 nimirdm
391 1841 529 1918 scapham
542 1840 673 1899 avulsam
683 1840 806 1899 alittore
817 1840 849 1898 in
860 1840 951 1899 altum

153 1943 323 2023 projecerat.
362 1943 403 2000 Et
417 1945 494 2001 certe
508 1942 533 2000 si
546 1943 611 2020 quis
623 1943 700 2001 hunc
713 1943 850 2001 miserum
863 1943 950 2001 vidis-

150 2056 209 2115 set,
224 2045 273 2121 qui
286 2065 363 2104 nunc
376 2043 493 2104 dulcem
510 2044 601 2122 patris
619 2045 764 2107 revisendi
785 2063 867 2123 spem
888 2065 950 2105 om·

156 2149 223 2213 nino
249 2147 383 2226 amiserat
408 2168 426 2205 a
451 2146 587 2225 lacrymis
619 2149 696 2205 certe
722 2147 865 2206 abstinere
891 2169 949 2207 non

155 2251 304 2327 potuisset.
336 2249 392 2307 Ille
405 2248 555 2325 expalluit,
568 2258 665 2304 mutus
678 2247 845 2322 aliquandiu
858 2250 949 2306 oculis

157 2353 306 2410 interram
321 2348 444 2414 defixis3
467 2359 536 2405 tunc
549 2345 644 2404 subitd
659 2346 688 2402 in
698 2345 841 2422 lacrymas
853 2367 949 2406 erum.

155 2474 233 2532 pere,
248 2453 303 2510 sibi
316 2469 418 2509 manus
431 2460 573 2525 torquere,
586 2458 688 2525 pectus
699 2451 949 2526 percuterenvol·

157 2557 216 2617 lere
230 2556 331 2614 crines.

194 2658 340 2716 Robinson
352 2657 402 2733 qui
409 2655 533 2733 propriis
542 2655 626 2715 malis
635 2654 758 2715 aliorum
765 2657 893 2716 misereri
904 2659 950 2737 diff

154 2759 271 2828 diceret,
293 2756 364 2834 socii
379 2755 479 2815 dolore
500 2757 561 2833 ipse
578 2767 749 2827 commotus,
763 2757 861 2818 amieis
869 2759 947 2833 leni.

155 2850 267 2936 busque
293 2859 408 2918 monitis
434 2857 532 2917 studet
558 2878 624 2917 eum
649 2859 686 2917 ad
713 2839 948 2937 tranquillitatem

156 2965 243 3021 animi
258 2962 405 3020 reducere.

434 3053 652 3076 ‚wemno

190 3130 358 3195 conflictatio]
395 3129 438 3178 'I'o
449 3129 526 3183 those
537 3128 564 3176 in
575 3129 690 3179 distress.

187 3219 297 3266 Nonnisi
307 3219 347 3266 dic
359 3215 462 3279 oborto]
498 3216 555 3265 Not
566 3214 608 3264 till
619 3216 642 3264 ir
654 3230 706 3265 was
717 3216 768 3280 def

147 3342 157 3351 .
189 3301 307 3364 [incessit]
344 3300 424 3351 'l'oolr
434 3301 584 3366 possession
595 3301 632 3377 ol.

192 3393 270 3441 Hunc
277 3391 407 3451 miserum]
439 3391 537 3455 Friday
548 3391 577 3439 in
587 3389 640 3440 this
651 3380 874 3462 miserable'state.

547 3479 563 3536 Ι
