2190 3900
339 397 537 452 ROBINSON
543 395 744 448 macnus
902 394 936 444 43

144 556 303 617 exsurgens
329 537 416 596 animi
442 528 587 638 reficisudi
613 533 699 594 causi
723 526 933 659 aliquantulum

145 636 360 700 circumiret.

186 739 304 806 Quibus
321 735 544 816 cogitatiomhus
557 748 692 806 aestuans,
715 735 764 795 ad
773 734 882 795 iontem
905 756 937 796 se

148 842 277 911 cuntulit,
291 860 395 919 aquam
408 839 552 926 frigidam
563 839 711 917 putamine
730 854 858 896 cocossoe
871 837 940 901 lnde

146 942 309 1002 hausturus.
352 941 446 1000 Succo
458 932 939 1000 deindemalorumcitrecrmnad·

146 1043 240 1133 misto,
261 1055 363 1122 potum
376 1043 445 1103 satis
459 1062 577 1102 suavem
598 1053 628 1101 et
644 1041 808 1100 recreandis
828 1040 938 1099 viribus

146 1124 292 1207 maxime
284 1169 314 1207 ιιι
323 1149 378 1208 hoc
390 1167 489 1251 rerum
502 1140 627 1206 articulo
636 1140 778 1250 idcneum
785 1144 841 1203 sibi
854 1163 939 1222 para·

149 1247 199 1306 rit.
727 1265 729 1270 ’

188 1348 326 1408 Attamen
347 1350 440 1408 camis
460 1368 537 1408 assae
555 1346 728 1408 desiderium
748 1349 877 1407 nondum
891 1349 940 1407 ille

150 1452 330 1528 depoeuerat.
355 1451 487 1510 Tandem
498 1447 940 1510 verd'l'artarorumrscurdatus

150 1558 202 1621 est,
216 1573 290 1629 quos
304 1553 434 1613 audierat
447 1550 562 1612 carnem
570 1570 658 1628 quam
663 1552 817 1611 comedere
824 1553 942 1630 cupiant

152 1653 292 1731 ephippiis
306 1653 466 1730 subjectam
480 1653 568 1710 citato
580 1671 673 1708 cursu
670 1670 813 1727 coquere.
843 1651 942 1728 Atque

150 1753 231 1824 illud,
248 1755 289 1813 ait
302 1774 408 1825 secum,
428 1753 614 1813 muraenae
626 1754 740 1831 assequi
752 1769 888 1832 possum
911 1767 942 1814 et

152 1857 286 1915 continuit
296 1876 358 1917 rem
372 1868 482 1916 tentare
495 1855 652 1916 constituit.

190 1959 277 2020 Nec
274 1965 365 2032 mura,
336 1946 460 2020 duos
485 1960 596 2040 lapides
616 1959 686 2020 satis
705 1959 789 2020 latos
800 1975 830 2022 et
852 1962 941 2024 laves

152 2075 264 2138 quaeret
283 2062 345 2140 ejus
366 2063 473 2122 similes
491 2083 529 2122 ex
548 2083 606 2140 quo
626 2063 749 2122 securim
770 2062 941 2124 confecerat.

153 2163 230 2224 Tum
242 2164 296 2224 hos
309 2166 382 2224 inter
392 2166 489 2242 aliquis
501 2167 595 2225 carnis
608 2178 690 2245 parte
703 2165 880 2244 interpositi,
894 2189 942 2227 su-

153 2267 294 2345 periorem
305 2266 431 2344 lapidem
441 2266 570 2325 rudiculd
576 2268 720 2344 perpetuis
725 2268 830 2326 tundit.
853 2268 944 2334 Quod

155 2367 219 2426 cirm
232 2367 399 2443 aliquandid
415 2367 538 2436 fecisset,
561 2367 637 2445 lapis
655 2368 827 2428 incalescere
844 2373 942 2453 coepit.

154 2469 199 2528 Εὸ
212 2469 314 2548 majori
328 2469 474 2528 alacritate
492 2469 542 2528 ille
563 2464 702 2541 tundere}
725 2488 780 2530 nec
791 2471 888 2551 elapsa
900 2469 945 2536 'est

153 2572 225 2631 liora
237 2570 349 2632 tantrim
362 2569 488 2640 dimidia,
511 2570 577 2630 cium
594 2591 661 2630 caro
674 2585 704 2631 et
716 2560 831 2634 feruore
839 2575 943 2656 lapidis

442 2714 648 2735 munuum

181 2796 377 2860 Aliquantulum
389 2797 534 2846 circumiret
568 2794 662 2863 [chk
674 2796 769 2847 alittle
780 2801 852 2850 turn.

183 2880 320 2946 Ephippits
327 2879 480 2946 subjectam]
501 2883 542 2946 By
552 2882 663 2946 putting
674 2882 696 2932 it
710 2884 794 2934 uudcr
803 2885 874 2937 their
885 2889 943 2937 aad·

154 2966 217 3017 dlcs.

185 3054 241 3104 Atre
251 3053 367 3120 ratione]
385 3055 426 3118 By
438 3068 454 3103 a
465 3051 588 3105 different
599 3055 713 3106 mathod.

186 3138 253 3202 Ejus
268 3139 375 3203 similer]
394 3138 461 3190 Like
472 3138 538 3188 that

188 3224 397 3290 Hortatorem]
416 3225 525 3291 Hamng
533 3228 583 3291 put
592 3233 652 3292 part
664 3227 745 3278 clthc
753 3229 817 3279 tlesh
826 3229 943 3282 between

155 3309 238 3360 t.hcsc

192 3397 329 3466 radicata]
344 3399 417 3450 with
432 3399 472 3450 his
483 3398 581 3450 mallet.
