2190 3900
146 395 180 446 24
225 434 230 441 .
335 393 524 445 BOBINSON
540 393 743 446 GRUSOEUS.

146 546 200 586 nec
213 525 273 586 ulla
285 527 407 604 vestigia
419 528 496 587 unde
515 528 675 607 intelligere
694 541 793 608 posset
804 528 878 588 hanc
891 549 950 588 re«-

147 630 263 706 gionem
283 629 321 688 ab
341 629 507 689 hominibus
528 631 632 703 incoli3
652 631 715 709 jam
736 631 937 709 gravissimum
969 640 971 645 “

146 730 187 790 illi
201 731 353 790 videbatur
366 730 455 790 vitam
468 732 510 790 sic
523 732 552 790 in
566 733 721 792 solitudine
734 733 848 811 degere.
876 732 937 792 Ve-

146 833 189 892 nit
210 836 326 912 qudque
347 834 376 891 in
397 847 522 892 mentem
535 853 599 891 esse
619 834 694 891 forte
714 849 854 910 vagantes
874 837 936 896 bel·
1006 865 1018 892 λ,

146 939 218 1008 iuss,
232 951 283 996 aut
295 926 373 996 feros
385 937 533 1006 homines;
557 949 619 995 tum
641 938 733 996 multo
751 940 855 1018 majori
868 942 937 1001 hor·

144 1035 382 1116 rore‘perculsus
404 1049 466 1097 est:
487 1038 584 1114 itaque
609 1037 734 1116 primum
752 1059 814 1117 prae
835 1041 938 1100 timore

146 1160 199 1200 nec
212 1153 289 1198 stare
301 1158 388 1198 ausus
400 1156 454 1198 uec
467 1140 613 1217 progredi,
623 1140 862 1219 circumspectare
874 1163 938 1203 om·

146 1243 193 1306 nia
205 1253 235 1300 et
248 1240 295 1299 vel
307 1239 425 1298 minimo
438 1242 561 1319 strepitu
574 1261 775 1320 expavescere.
797 1243 855 1302 Sed
868 1264 940 1304 mox

146 1341 204 1422 qud
217 1342 338 1401 ardebat
350 1341 412 1400 sitis
425 1354 572 1420 torporem
585 1344 673 1421 istum
686 1346 815 1404 excussit
828 1367 835 1415 ;
851 1366 939 1422 quum

146 1444 212 1508 cum
220 1444 328 1505 diutius
341 1446 464 1505 tolerare
476 1466 534 1506 uon
543 1459 649 1525 posset,
663 1447 772 1507 fontem
782 1461 833 1507 aut
844 1449 940 1508 rivum

97 1538 101 1545 ¹
145 1548 283 1628 indagare
296 1550 394 1628 coepit,
408 1561 438 1610 et
452 1550 493 1609 sic
512 1551 668 1628 vestiganti
681 1552 807 1609 occurrit
819 1569 939 1610 manans

145 1673 196 1732 per
219 1653 324 1714 herbas
344 1654 475 1724 rivulus3
504 1674 591 1732 quem
616 1655 666 1713 ille
692 1667 808 1715 secutus
831 1656 939 1714 invenit

145 1757 255 1817 fontem
267 1759 491 1833 liquidissimum
503 1777 562 1833 quo
576 1758 661 1815 valde
675 1771 820 1817 recreatus
833 1772 887 1816 est.

185 1855 440 1915 Necillumfamcs
453 1858 797 1934 tuncmaximeurgebat.
821 1858 939 1937 Quippe
1031 1934 1035 1939 Ι

145 1956 191 2016 cui
199 1975 290 2034 ungor
299 1966 449 2033 terrorque
460 1975 576 2015 omnem
586 1956 642 2014 cibi
655 1957 815 2035 appetitum
823 1979 937 2018 exeme-
1036 1942 1039 1947 ¹

144 2070 219 2116 rant.
262 2056 321 2114 Sed
340 2068 423 2114 erant
441 2055 514 2114 adeo
534 2055 684 2116 exhaustae
705 2057 782 2117 illius
802 2061 887 2130 vires,
905 2073 938 2119 ut

145 2156 237 2218 mu'ltd
249 2158 342 2235 magis
355 2159 534 2235 requiescere
546 2171 668 2237 optaret.
704 2161 841 2221 Attamen
851 2176 938 2244 caput
957 2164 960 2171 '

144 2273 207 2320 erat
227 2259 324 2319 locum
350 2259 478 2320 invenire
504 2261 534 2321 in
560 2281 618 2339 quo
644 2274 724 2322 tutus
744 2277 935 2342 pernoctaret.

144 2350 475 2435 Nulla'domusnullum
483 2366 639 2444 tugurium,
646 2366 757 2426 nullum
765 2388 868 2446 specus
877 2382 938 2427 erat

145 2466 350 2546 inconspectu.
372 2466 421 2527 Sic
429 2467 481 2528 did
489 2468 601 2528 consilii
610 2469 693 2547 inops
702 2468 790 2529 flevit.
805 2469 938 2530 Tandem

145 2585 213 2625 aves
226 2568 331 2625 imitari
342 2568 557 2645 hospitiumque
570 2570 599 2625 in
612 2570 716 2626 arbore
732 2587 862 2645 quaerere
878 2583 936 2628 sta-

144 2667 208 2726 tuit
252 2666 298 2725 Ac
309 2667 391 2726 brevi
404 2685 491 2726 unam
499 2665 650 2745 prospexit
662 2679 720 2724 tam
734 2667 853 2726 densam
865 2689 936 2747 opa-
974 2701 977 2707 ·

145 2782 274 2847 eamque,
294 2780 328 2827 ut
347 2767 498 2828 commode
512 2765 635 2825 insidere
657 2767 833 2847 dorsumque
850 2771 936 2832 accli-

178 3036 373 3097 Grosr'sss'rsusr]
389 3036 413 3085 Δ
424 3035 507 3099 hesvy
519 3032 657 3084 affliction.

179 3125 233 3175 M
245 3124 355 3174 ardebat
365 3118 435 3187 ritis]
455 3120 519 3171 Sitis
531 3122 584 3186 qua
596 3121 705 3172 ardebat
716 3120 842 3182 excussit,
855 3122 902 3174 &a

176 3208 303 3273 Mamm]
322 3207 452 3271 flowing.

179 3294 265 3358 capet
275 3291 347 3359 orat]
365 3292 425 3342 The
436 3289 495 3340 snt
505 3292 584 3357 thing
594 3294 623 3342 to
634 3291 667 3343 bs
679 3292 749 3342 done
758 3307 819 3344 uss.

178 3376 338 3445 tropum]
356 3377 507 3444 alouging.
