2190 3900
359 399 548 451 nossmsott
565 396 771 457 ortumve,
915 395 965 455 2235

169 519 324 588 utrumque
340 512 451 583 divisis,
464 512 617 588 cunctique
635 508 897 589 apparatubellioo
920 509 964 571 in·.

169 612 273 669 structi
285 611 353 673 vela
363 614 483 673 faciunt.

210 711 352 773 Robinson
366 714 448 797 cujus
461 715 577 775 fortuna
584 735 622 774 ex
635 725 740 774 eventu
747 711 835 790 hujus¹
847 712 966 789 incoepti

168 814 323 892 pendebat,
338 816 418 876 tantis
437 802 525 876 animi
532 817 748 896 perturbatione
761 812 977 875 sollicitudine·

170 938 227 995 que
248 921 421 998 agitabatur,
445 935 479 981 ut
499 935 576 982 stare
600 922 665 981 loco
687 920 825 988 nesciret;
848 937 924 976 nunc
937 917 968 978 in
1015 899 1019 906 Ι

169 1019 308 1098 speluncis
320 1024 429 1095 sedere,
440 1044 518 1083 nuuc
530 1025 561 1084 in
575 1024 679 1083 collem
692 1021 892 1089 ascenderem
900 1019 968 1097 quia

170 1132 260 1180 noctu
272 1123 423 1182 oculorum
440 1126 571 1186 cessabat
584 1145 663 1194 usus,
684 1121 802 1182 auribus
816 1131 931 1199 captare
944 1121 969 1179 si

168 1224 242 1286 forte
256 1227 367 1306 aliquid
377 1250 396 1291 e.
405 1250 479 1291 nave
492 1229 615 1290 audiret.
667 1227 845 1306 Augebatur
857 1224 966 1284 sollici·

170 1324 241 1381 tudo
255 1328 456 1402 expectatione
469 1330 544 1404 signi
557 1329 594 1386 de
606 1348 665 1404 quo
677 1329 810 1386 intereos
824 1346 968 1405 convene·

170 1434 224 1483 rat.
279 1422 403 1502 Triplex
429 1426 538 1484 scilicet
563 1427 696 1504 explosio
721 1426 969 1488 nondumaudita

172 1509 242 1596 erat,
257 1527 312 1585 etsi
324 1524 420 1585 mediis
430 1539 515 1585 nocte
528 1525 689 1603 ingruente.

176 1705 178 1709 Ι
214 1627 254 1688 Et
262 1628 325 1708 jam
339 1649 405 1706 spes
419 1629 512 1688 omnis
523 1630 641 1700 abierat,
656 1629 722 1688 com
735 1629 830 1686 subito
844 1627 879 1686 fit
891 1596 968 1686 sonis

172 1741 250 1791 tusc
263 1731 432 1810 longinquo.
454 1731 597 1804 Robinson
611 1732 693 1810 quasi
707 1752 723 1789 e
737 1750 838 1789 somno
851 1732 969 1808 repente

174 1831 326 1904 excitatus,
340 1854 425 1894 aures
439 1835 533 1913 erigit.
586 1833 723 1911 Sequitur
735 1832 826 1892 altera
839 1831 971 1911 explosio

156 1992 161 1999 ,
173 1945 203 1991 et
216 1933 321 1993 deinde
334 1937 427 1996 tertia.
449 1937 537 1996 Nunc
546 1949 658 1997 constat
670 1957 773 1998 navem
786 1956 849 1994 esse
857 1955 970 2014 expug-

169 2028 280 2105 natam,
294 2055 371 2095 nunc
393 2040 472 2097 certo
491 2039 522 2097 in
539 2039 688 2119 Europam
710 2038 893 2118 profecturus
915 2048 968 2095 est.

173 2134 251 2195 Tum
263 2159 360 2198 amens
384 2141 488 2200 laetitia
503 2143 648 2212 devolare,
663 2142 775 2202 socium
796 2142 827 2199 in
840 2141 970 2219 gramine

172 2243 359 2318 recubantem
376 2224 512 2309 circitare,
535 2230 679 2317 amplecti,
702 2240 805 2297 deinde
820 2240 858 2297 ad
874 2261 970 2298 arcem

174 2363 297 2413 currere,
319 2343 501 2420 sarcinasque
521 2343 628 2419 raptim
641 2340 785 2418 colligere.
827 2339 885 2398 Die
898 2360 971 2398 non·

173 2443 244 2504 dum
258 2453 369 2511 exorto,
381 2441 419 2499 ad
433 2439 536 2500 collem
549 2459 649 2498 rursus
656 2451 802 2519 properat,
816 2441 908 2517 eoque
921 2440 971 2498 ubi

173 2564 267 2628 navit
276 2545 306 2608 in
330 2543 463 2608 anchoris
482 2531 578 2635 stabnt
596 2543 697 2603 oculos
721 2543 853 2619 intendit,
876 2538 971 2605 lucem

174 2646 231 2705 diei
244 2646 360 2725 plenam
383 2658 556 2724 expectans:
578 2666 612 2714 ac
633 2644 715 2705 brevi
738 2645 878 2722 conspicit
893 2664 970 2723 prae

174 2749 282 2807 fectum
290 2749 379 2818 navis,
390 2748 495 2807 collem
505 2748 672 2808 nonnullis
663 2768 759 2826 ipsum
768 2747 970 2808 comitantibus

175 2852 423 2937 conscendentem,
446 2853 589 2912 Robinson
602 2871 661 2910 uno
674 2851 783 2929 impetu
796 2851 859 2932 ejus
872 2851 902 2915 in
910 2870 971 2916 am·

440 3012 443 3017 ’
473 3010 686 3039 “ww

178 3096 378 3194 Nooto,otc..]
399 3115 451 3168 His
460 3130 520 3180 eyes
535 3131 603 3168 were
612 3116 644 3167 os
651 3131 685 3166 no
697 3106 753 3180 use,
769 3131 804 3165 on
817 3099 932 3168 account
944 3116 976 3166 ol

176 3172 222 3252 'tho
233 3204 318 3268 night

208 3290 308 3357 quue]
341 3292 399 3341 And
410 3291 439 3341 to
451 3290 510 3340 thal
521 3292 590 3357 spot.
