2190 3900
333 371 530 425 ,ROBRQSON-
545 370 748 423 GRUSOEUB.
900 364 939 431 ‚dl

145 504 247 583 ibique
255 522 323 587 ossa
331 503 463 581 piscium,
472 496 639 580 lapidesque
652 502 938 581 aptissimesin'venit.

147 608 230 668 Tum
242 608 382 685 perticum
392 607 510 683 longam
520 602 663 664 etrectam
670 607 761 665 hastae
769 606 939 665 destinatam
1001 622 1010 630 ·

144 722 282 786 amputat
300 707 455 786 pluvidque
477 706 610 767 madidus
635 708 754 766 domum
779 695 940 768 revertitur.

146 813 234 873 intra
254 833 361 892 paucos
380 811 448 872 dies
461 826 492 872 et
510 814 602 883 hasta,
622 825 651 872 et
668 813 782 889 sagittae
804 813 941 871 confectae

147 929 227 994 mint.
244 965 247 969 .
270 917 348 976 Tum
365 918 476 976 hastam
488 916 615 994 praefigit
630 917 726 994 lapide
738 927 895 994 praeacut03
910 935 942 974 uc

149 1018 254 1076 deinde
268 1021 390 1096 sagittas
399 1020 466 1077 hinc
475 1015 588 1077 ossibus
596 1019 718 1096 piscium
725 1019 861 1087 robustis,
876 1018 943 1075 inde

151 1121 251 1196 pennis
272 1122 310 1180 ad
332 1133 492 1180 extremam
507 1132 619 1198 partem
631 1120 745 1191 additis,
767 1120 849 1178 alites
863 1120 940 1177 facit.

149 1220 304 1286 Qunfacto
310 1223 419 1301 placuit
425 1222 509 1282 arctis
516 1221 941 1300 experimentumfaccre.‘Qui-

151 1323 276 1399 quidem,
300 1344 464 1403 quanquam
484 1325 576 1382 multa
597 1325 723 1393 deerant,
745 1325 823 1400 quod
838 1323 942 1380 ferreis

151 1426 345 1487 instrumentis
358 1449 417 1487 non
430 1429 524 1486 fuerat
540 1429 704 1497 instructus,
726 1439 851 1485 attamen
873 1428 941 1485 satis

151 1527 270 1587 idoneus
284 1530 363 1587 visus
376 1542 420 1587 est
432 1529 598 1606 dejiciendis
610 1530 720 1597 avibus,
729 1529 943 1603 minoribusque
964 1574 967 1580 .

151 1628 215 1687 aliis
236 1629 416 1687 animalibus.
459 1628 563 1705 Neque
575 1629 719 1687 dubitavit
731 1629 793 1686 fore
806 1642 839 1685 ut
851 1628 943 1686 homi·

151 1751 218 1788 nem
231 1730 323 1789 ferum
337 1730 512 1807 nudumque,
535 1731 558 1788 si
579 1730 695 1806 quidem
708 1731 776 1788 satis
789 1730 943 1807 appropin-

153 1835 278 1911 qudsset,
298 1855 332 1893 eo
345 1836 471 1912 graviter
484 1847 559 1893 esset
572 1835 781 1893 vulneraturus.

193 1937 330 1997 Attamen
343 1937 441 2014 pluvia
454 1937 582 1995 nondum
590 1951 759 2008 cessaverat,
769 1938 820 1995 sed
832 1933 945 1994 duobus

154 2039 269 2097 tandem
286 2039 390 2116 elapsis
409 2039 556 2097 mensibus
577 2039 682 2097 coelum
697 2040 786 2116 coepit
799 2040 945 2096 nitescere.

155 2139 240 2199 Nunc
258 2141 399 2200 Robinson
419 2142 542 2201 hiemem
563 2142 716 2202 adventare
736 2143 856 2220 putavit,
879 2142 945 2200 crim

148 2241 211 2319 jam
224 2245 322 2302 contra
332 2244 423 2301 hiems
437 2257 539 2303 exacta
552 2257 641 2313 esset3
657 2245 707 2300 vix
721 2245 779 2301 suis
793 2243 841 2301 ille
855 2243 945 2300 oculis

191 2543 255 2591 Tum
273 2541 372 2590 hastam
392 2540 505 2604 proefiyit
524 2539 610 2602 lapide
630 2539 718 2598 acuto]
756 2540 808 2587 ie.
827 2540 944 2604 Praefigtt

154 2632 236 2678 trastae
249 2628 362 2694 lapidem
374 2629 491 2676 scritum.
520 2627 563 2674 He
575 2625 645 2675 fixed
657 2641 673 2674 a
683 2627 761 2692 sherp
773 2634 848 2677 stone
859 2631 888 2678 to
899 2631 944 2680 the

153 2716 207 2765 end
218 2714 249 2764 os
256 2716 299 2764 the
311 2727 395 2779 spear.
429 2713 488 2762 The
508 2713 692 2762 construction
705 2713 726 2762 is
738 2714 836 2763 similar
847 2717 876 2764 to
888 2718 944 2765 that

153 2801 187 2851 os
191 2802 284 2867 virgil,
296 2802 378 2850 Geor.
446 2835 471 2849 ..
487 2833 493 2847 .
507 2835 512 2846 .
527 2797 672 2863 Praefiguut
682 2813 729 2848 ore
738 2801 868 2864 capistris.

155 2888 173 2935 i.
183 2903 206 2937 e.
219 2886 363 2951 Praefigunt
374 2886 492 2950 capistra
501 2884 601 2934 oribus.

188 2975 271 3041 Hinc]
304 2973 474 3022 Ateueeud.
539 2972 618 3034 Iade]
650 2973 684 3022 nt
695 2974 740 3023 the
752 2975 829 3024 other
839 2976 900 3023 end.

188 3062 280 3121 Aliter]
314 3059 393 3109 Switt.

189 3147 241 3206 Eo]
272 3148 314 3196 Εο
328 3161 401 3196 arcu.

191 3233 377 3296 Excctcetset]
410 3234 602 3286 Wssduished.

524 3330 574 3383 s5
