2190 3900
339 362 528 424 noamson
546 361 751 433 nauseans,
908 363 946 413 as

153 520 238 580 pana,
252 512 304 558 aut
311 499 450 557 Lusitana
459 495 627 573 appelleret,
640 497 671 554 in
684 496 790 573 quibua
798 514 883 557 nemo
893 515 945 561 na-

147 602 315 680 uigantium
329 598 569 676 significationem
581 598 736 656 verborum
748 596 944 661 intellexisset.

154 704 242 762 Forte
251 703 403 762 nonnullae
412 720 498 760 voces
505 699 608 759 latinae
616 701 783 763 recordatus
790 713 835 759 est
840 702 946 779 quibus

154 817 255 864 votum
267 823 352 861 suum
365 802 548 880 exprimeret.

192 905 336 984 Linguam
356 905 433 962 enim
454 902 573 961 latinam
595 901 691 959 cuncti
706 899 834 977 Europae
846 893 946 977 populi

153 1021 258 1078 tenent,
280 1019 310 1065 et
322 1006 452 1083 plerique
466 1023 567 1078 eorum
585 1003 635 1079 qui
654 1002 810 1062 liberaliter
823 1001 946 1061 instituti

154 1121 229 1179 sunt,
238 1108 364 1185 aliquam
372 1108 449 1166 certe
456 1105 520 1183 ejus
530 1117 642 1182 partem
650 1103 823 1181 intelligrmt.
852 1103 945 1180 Prop-

154 1208 232 1266 terea
243 1206 385 1265 Robinson
410 1203 539 1282 speravit
551 1203 613 1261 fore
631 1216 665 1260 ut
683 1204 713 1261 in
733 1202 862 1280 quelibet
878 1204 945 1261 navi

152 1326 218 1383 quae
232 1307 266 1364 eo
279 1305 438 1363 deferretur
448 1323 522 1363 unus
533 1303 635 1362 saltem
643 1303 814 1381 reperiretur
822 1304 943 1382 inscrip-

153 1408 260 1466 tionem
273 1408 357 1465 istam
371 1407 619 1482 interpretaturus.
662 1402 719 1463 His
737 1417 835 1464 autem
848 1405 943 1463 verbis

153 1512 319 1571 constabat:

311 1653 392 1712 Ferte
404 1672 482 1730 opem
494 1651 593 1710 misero
606 1651 775 1711 Robinsoni.

190 1807 239 1864 Sic
265 1805 307 1864 illi
333 1802 461 1863 nonnihil
486 1765 597 1881 profuit
617 1805 704 1863 verba
724 1804 835 1881 aliquot
855 1803 942 1864 latina

89 1927 91 1930 ⁴
150 1929 321 1968 memmssae.

189 2009 256 2069 Jam
281 2008 378 2087 inopie
404 2007 566 2068 calceorum
585 2021 614 2066 et
634 2007 775 2068 tibialium
799 2009 943 2086 Robinson

58 2127 62 2137 ·
150 2114 274 2171 maxime
294 2112 444 2189 laboravit.
487 2111 555 2171 Istis
576 2112 686 2171 seilicet
706 2113 811 2173 aenaim
824 2114 942 2179 omnino

150 2215 319 2285 dilaceratis,
327 2235 436 2276 muscae
446 2215 539 2272 nudos
548 2214 611 2291 ejus
619 2215 708 2292 pedes
716 2214 839 2272 stimulis
847 2215 939 2275 fodie-

149 2318 220 2376 bant
239 2319 331 2394 iisque
350 2318 519 2394 pungebant
536 2315 685 2374 doloribus
699 2317 750 2393 qui
761 2317 812 2374 vix
825 2317 943 2378 tolerari

149 2428 275 2492 possent
298 2415 421 2479 Quoties
435 2414 509 2471 sedit
518 2413 740 2475 meditabundus
750 2416 940 2492 ntexcogite·

151 2493 340 2599 retrationem
349 2515 475 2594 aliquam
485 2517 612 2594 eorporis
621 2515 749 2593 tegendi!
762 2517 814 2575 sed
822 2517 937 2581 frustra.

149 2620 273 2679 Carebat
291 2621 367 2680 enim
387 2619 583 2679 instrumentis
596 2631 626 2677 et
637 2631 699 2678 arte
710 2618 748 2678 ad
762 2619 944 2689 finemaseee

82 2712 84 2717 ’
147 2726 294 2801 quendum
307 2726 479 2785 necessariisr
515 2724 647 2786 Tandem
659 2724 783 2802 pellibus
797 2725 938 2786 lemarum

414 2896 418 2903 .
450 2882 641 2904 &taruennae

104 3019 106 3023 -
176 2990 295 3054 Aliquam
306 2989 361 3053 ejas
369 2987 485 3053 portem]
520 2986 671 3052 Something
682 2986 714 3036 ol
720 2987 751 3036 it.

179 3070 336 3135 Constabat]
367 3072 395 3120 1t
407 3069 549 3141 consisted.

179 3155 452 3221 Fodiebontrtt'mals's]
486 3154 597 3207 Pieroed
607 3155 671 3206 with
681 3156 753 3206 their
763 3156 856 3220 atinga.
925 3118 928 3163 ἶ

178 3243 263 3306 lisque
277 3243 429 3309 punpelant
444 3243 587 3304 doloribus]
621 3244 674 3293 eut
692 3241 745 3292 him
764 3247 792 3290 to
810 3255 840 3290 ro
858 3243 933 3297 munli

164 3346 218 3380 arn.

144 3347 303 3482 ρ’Ἀῌηω
314 3412 507 3484 mpemdam]
538 3416 582 3468 'l'o
592 3413 751 3482 aooomplialr
759 3413 799 3465 tis
810 3382 935 3486 purpose.
