2190 3900
181 352 234 403 w
371 348 560 402 common
576 349 786 401 CRUSOBUS.

182 456 269 517 solvit
281 457 431 515 anchoras.
454 454 698 533 Dulcissimajam
710 453 878 512 Robinsonis
887 457 982 532 patria

181 557 371 634 elonginquo
386 556 521 615 cernitur.
570 555 637 627 Jam
656 556 686 612 in
708 555 814 614 ostium
829 555 982 616 Thamesis

181 659 334 731 advenere,
362 681 428 718 cum
452 661 548 719 subito
571 680 654 718 saeva
672 672 827 736 tempestas
852 661 982 719 exoritur

181 779 341 836 navemque
355 760 383 817 vi
397 758 502 836 magud
515 759 545 816 in
558 778 638 817 oram
650 758 776 836 conjicit.
808 756 887 815 Turn
896 752 982 835 quid-

181 861 253 941 quid
266 861 343 919 valet
356 855 515 938 diligentia,
525 859 668 938 quidquid
680 860 791 937 peritia,
807 855 979 932 adhibetur;

180 963 232 1049 sed
245 963 371 1034 frustr313
395 963 473 1021 venti
485 963 665 1021 vehementia
679 963 756 1019 omni
771 955 981 1042 conaturmajor

180 1085 283 1148 navem
296 1068 446 1144 abreptam
460 1066 489 1123 in
503 1086 603 1140 arenas
621 1064 683 1142 agit
695 1063 776 1121 tanta
794 1065 823 1120 vi
837 1076 870 1122 ut
884 1062 981 1124 carina

179 1167 414 1245 disrumperetur.
458 1155 548 1225 lrruit
565 1157 711 1244 externplo
732 1167 851 1224 ineam
877 1165 979 1242 ingens

178 1289 263 1348 aquae
276 1271 329 1340 vis,
344 1270 415 1327 adei)
430 1282 462 1327 ut
467 1270 504 1327 de
515 1269 548 1327 ed
559 1270 755 1328 conservandi
767 1290 866 1328 omnes
876 1262 979 1347 despe-

178 1386 293 1443 rarent3
316 1374 519 1450 navigantibus
533 1374 584 1431 vix
608 1373 693 1430 datur
712 1374 796 1451 copia
815 1375 845 1430 in
858 1375 979 1451 scaphas

178 1476 329 1535 desiliendi
341 1488 373 1533 ut
383 1475 478 1545 morti,
494 1476 518 1532 si
532 1473 595 1532 fieri
608 1476 708 1553 possit,
724 1497 754 1534 se
763 1476 895 1553 eripiant.

181 1555 189 1563 ⁶
218 1569 267 1636 Sic
276 1578 363 1655 igitur
371 1576 513 1636 Robinson
522 1576 587 1635 cum
596 1577 690 1634 denuo
699 1578 883 1654 naufragium
892 1573 976 1636 fecis·

177 1693 230 1764 set,
249 1682 337 1739 miser
358 1682 387 1738 in
405 1693 523 1759 portum
545 1680 712 1757 proximum
735 1680 861 1750 advenit,
883 1701 977 1757 neque

177 1782 336 1860 quidquam
350 1784 475 1841 servavit
494 1795 602 1860 praeter
620 1803 721 1840 canem
744 1783 793 1859 qui
809 1795 925 1840 vectum
946 1783 977 1840 in

176 1870 283 1963 scapha
295 1886 444 1943 dominum
452 1885 577 1943 natando
589 1896 704 1942 secutus
715 1897 767 1953 est,
781 1899 810 1942 et
820 1885 976 1962 psittacum

175 1986 205 2044 in
226 1986 347 2045 humero
368 1986 430 2064 ejus
449 1986 605 2043 sedentem.
649 1976 755 2041 Multis
774 1995 841 2061 post
863 1974 975 2062 dielrus,

174 2074 286 2160 accepit
304 2084 378 2140 inter
402 2084 495 2140 varias
516 2103 564 2140 res
579 2096 707 2142 servatas
729 2079 893 2153 umbellam,
908 2100 975 2142 ves·

174 2196 290 2262 temque
304 2185 455 2263 pelliceam
469 2185 557 2244 fuisse
571 2197 709 2263 repertas.

176 2267 182 2274 ¹
213 2282 321 2367 Portus
337 2290 374 2346 ad
388 2309 473 2365 quem
492 2288 599 2365 scapha
619 2286 783 2366 appulerat,
800 2300 867 2346 octo
883 2284 975 2348 millia

172 2409 310 2475 passuum
324 2392 360 2448 ab
371 2389 505 2448 Londino
517 2391 624 2448 aberat.
647 2386 752 2448 Audiit
764 2403 876 2468 patrem
887 2411 974 2450 suum

173 2514 271 2553 senem
278 2493 355 2552 bonel
363 2493 527 2551 valetudine
537 2493 674 2570 gaudere,
685 2505 807 2551 matrem
816 2489 886 2550 verd
895 2493 972 2571 opti·

173 2596 376 2673 momvixisse.
400 2595 608 2672 Quodquidem
616 2595 787 2672 gravissimo
796 2614 863 2652 eum
871 2576 974 2654 dolore

173 2681 278 2777 affecit.
299 2698 317 2755 J
320 2719 367 2757 am
376 2691 509 2757 vehiculo
520 2696 687 2756 Eboracum
696 2697 852 2777 profectus,
867 2696 973 2774 viginti

173 2809 296 2881 quatuor
303 2800 440 2857 horarum
449 2800 542 2878 spatio
553 2800 586 2858 ed
597 2797 723 2859 advenit.
745 2786 821 2858 Cdm
831 2803 972 2876 sequente

173 2897 243 2979 cane
255 2913 285 2961 et
305 2901 429 2981 psittaco
449 2902 571 2960 humero
593 2899 736 2984 insidente
749 2899 898 2960 interram
920 2888 973 2961 ‹le-

450 3059 661 3080 “conuentu

205 3186 301 3236 Carino
323 3156 540 3253 disrumperetur]
575 3154 637 3236 Wtis
654 3187 755 3238 stated.
789 3189 908 3254 Accepit]
926 3191 973 3241 He

172 3272 262 3322 lroard.
469 3278 474 3291 '
520 3274 529 3291 ⁸

206 3359 311 3423 Vr'aer'rre]
346 3374 395 3424 pro
406 3366 535 3412 nortuum
544 3377 604 3411 erro.

813 3455 833 3511 8
