2190 3900
156 384 159 389 ’
192 399 241 452 ιιι
382 394 572 448 contusos
588 391 793 463 causonus.

219 531 306 591 ’.Βοιι
348 525 402 586 Me
421 526 540 604 quidem
557 524 711 603 populares
724 524 767 582 tui
778 524 892 585 hostem
906 526 987 587 exis·

190 637 324 695 timantes
348 629 521 689 interficient
542 627 798 735 devorabuntque3
836 641 869 688 tu
894 630 990 708 igitur

189 735 270 798 solus
281 732 479 812 proficiscere!

133 851 136 858 ’
199 831 574 911 Quibusauditichiduy
582 778 857 911 arreptamsecuridi
864 773 988 892 domino

70 952 72 957 '
187 939 285 1000 reddit
296 935 429 1016 porrectfi
441 934 562 994 cervice.

229 1040 305 1100 Ros.
329 1082 334 1089 -
347 1039 486 1114 Quidvis
500 1058 555 1116 ego
568 1037 692 1097 faciaml

227 1141 293 1200 Fu.
343 1140 386 1198 Ut
404 1161 452 1199 mc
469 1139 633 1198 interficias.
676 1136 781 1198 Malim
795 1159 850 1218 ego
863 1140 882 1199 ὲ
894 1140 980 1202 tein-

186 1240 279 1305 terfici
291 1261 378 1318 quam
391 1242 513 1319 relegari
523 1243 530 1301 l

120 1408 125 1416 ,
227 1343 286 1404 His
299 1344 384 1402 dictis
404 1343 511 1422 Friday
534 1343 594 1401 vim
614 1344 807 1421 lacrymarum
820 1343 979 1422 profundit.

185 1447 329 1506 Robinson
347 1459 443 1517 autem
465 1447 713 1507 vehementissime
732 1461 893 1508 commotus
912 1469 981 1509 eum

184 1548 376 1630 amplectitur,
406 1550 590 1608 exclamans:
626 1550 686 1609 noli
708 1550 821 1622 timere,-
844 1553 863 1611 ὃ
884 1553 977 1611 bone!

186 1651 252 1730 Ego
273 1671 389 1729 quoque
409 1663 479 1729 opto
500 1663 533 1711 ut
546 1671 693 1727 nunquam
706 1664 766 1711 ate
779 1652 917 1723 divellar;
939 1672 978 1711 ex

184 1756 280 1815 animo
301 1757 377 1814 enim
395 1767 424 1814 te
445 1756 545 1833 diligo.
588 1755 665 1820 Quae
682 1758 766 1815 antes
778 1757 848 1828 dixi,
863 1758 926 1816 haec
939 1757 979 1815 ad

149 1870 155 1880 ’
184 1854 274 1915 iidem
291 1868 371 1914 tuam
389 1849 596 1935 explorandam
610 1856 776 1930 dictasunt,
790 1871 823 1918 ut
834 1858 978 1935 intellige·

183 1977 245 2017 scm
257 1977 294 2016 nn
308 1968 375 2015 tuus
394 1977 460 2016 meo
481 1959 572 2017 amori
592 1978 673 2018 amor
693 1980 746 2037 par
767 1971 849 2020 esset.
892 1959 979 2026 Quas

182 2059 264 2118 vides
276 2059 418 2135 lacrymas
427 2080 470 2123 eae
484 2071 570 2118 testes
580 2072 648 2120 sunt
660 2062 785 2121 caritatis
794 2082 876 2121 meae.
908 2061 978 2140 Ego

182 2161 328 2221 scitatum
341 2160 513 2238 amplectar;
537 2163 637 2227 fletum
658 2175 807 2225 teneamus
827 2184 881 2225 nec
902 2163 975 2225 alter

181 2261 304 2322 alterum
317 2262 444 2339 unquam
460 2262 582 2337 deserat.

221 2366 324 2444 Itaque
343 2376 376 2424 ut
395 2366 523 2425 animum
542 2367 665 2426 amici'a
684 2386 809 2426 moerore
822 2377 975 2436 averteret,

180 2467 238 2526 init
246 2487 407 2526 sennonem
420 2467 457 2525 de
470 2464 578 2544 scaphd
585 2465 712 2543 quddam
721 2463 974 2544 fabricanddplu·

179 2590 269 2648 raquc
279 2569 313 2629 et
324 2572 361 2630 de
373 2591 405 2629 rc
417 2571 587 2630 sciscitatur.
618 2569 694 2629 cum
707 2569 815 2648 Fridoy
827 2570 975 2648 responsis

178 2668 332 2727 Robiuaoai
351 2668 466 2728 abunde
489 2669 682 2739 satisfecisset,
700 2668 756 2729 ·hic
773 2669 864 2728 illum
883 2665 974 2728 manu

178 2771 351 2849 prehensum
364 2770 598 2829 secuniabduxit
615 2771 824 2836 utostendcret
837 2773 973 2850 cymbam

178 2873 228 2935 cui·
246 2871 422 2938 fabricandae
430 2872 497 2950 >ipse
509 2871 667 2950 permultos
676 2872 739 2951 jam
756 2883 847 2933 annos
860 2873 976 2951 impona

176 2975 267 3034 derat.
308 2974 416 3054 Fridoy
430 2986 564 3041 truncum
580 2974 694 3034 intuens
717 2976 769 3035 vix
790 2975 974 3054 tertidparte

174 3089 346 3138 excavatum
360 3077 487 3136 subrisit.
531 3074 606 3135 Ciun
619 3086 715 3136 autem
725 3076 868 3177 Robinson
881 3097 920 3137 cx
933 3097 971 3137 eo

476 3218 652 3239 ”mn

205 3288 312 3350 Pictum
320 3294 461 3360 ιιιιιιιιιιιιι]
496 3297 548 3346 Lat
560 3310 590 3345 us
601 3271 661 3362 giso
672 3277 736 3347 osci·
746 3291 928 3365 weoping.

206 3384 373 3444 sciscitatur]
404 3381 539 3448 Inquircs.
590 3386 591 3390 ’
667 3422 671 3427 .
926 3427 931 3443 ,

200 3469 440 3538 cessamodo]
472 3451 764 3536 Iimakinguusu
808 3464 822 3475 “
