2190 3900
337 402 525 458 nemeen
538 404 743 459 CRUSOEUS·
889 401 937 457 nal

145 545 212 604 crim
224 544 362 622 postremi
376 545 436 604 duo
449 544 544 603 subito
557 534 718 622 experrecti
731 534 939 620 surgentesque

146 647 398 725 armanorripiunt.
413 647 938 717 0rossceuni,exclamu1tonnnn‚

148 751 255 809 cernite
270 752 373 822 socioS,
397 771 477 809 arma
496 750 622 828 abjicite,
646 762 744 828 pereat
760 750 809 825 qui
823 759 942 806 cuncta·

146 851 233 908 bitur.
276 851 434 910 Haeccirm
447 850 627 920 intonuisset,
651 849 694 906 illi
704 848 808 926 gladiis
817 846 941 924 abjecti

147 948 944 1031 ingenuaseproutemere,supplieesquedelictiveniurn

148 1055 316 1130 apraefecto
329 1045 445 1133 petere(
479 1055 577 1131 Atque
587 1047 632 1113 his'
646 1055 733 1112 etiam
744 1072 846 1111 manus
860 1049 944 1110 nodia

148 1156 339 1234 implicantur.
383 1156 461 1216 Tum
488 1158 630 1218 Robinson
647 1157 733 1235 jubet
753 1156 901 1214 universos
915 1153 945 1212 in
988 1139 992 1144 ’

100 1320 105 1329 ,
150 1262 317 1338 'speluncam
331 1263 473 1334 contrudi,
489 1264 621 1340 ostioque
634 1262 736 1321 validis
747 1255 885 1321 arborum
898 1275 945 1317 ra·

148 1362 203 1417 mia
217 1364 375 1429 obstructo,
397 1361 516 1418 mandat
534 1361 647 1418 custodi
668 1372 701 1417 ut
712 1358 946 1422 interficiatur,si

149 1463 213 1539 quis
224 1461 385 1520 claustrum
399 1471 491 1518 tentat
504 1479 700 1537 perrumpere.
746 1458 861 1518 Deinde
875 1461 946 1518 aocii

151 1565 228 1624 facto
239 1565 355 1644 agmine
365 1563 404 1625 ad
412 1563 548 1641 scapham
558 1583 589 1621 se
595 1563 748 1621 conferunt
761 1583 848 1640 quam
857 1563 946 1620 vecti-

152 1669 208 1726 bua
227 1667 352 1725 admotis
366 1667 396 1724 in
410 1667 518 1724 siccum
531 1657 712 1744 protrahunt,
735 1659 831 1725 carina
844 1665 948 1722 deinde

150 1754 303 1847 perforata.
327 1760 388 1827 Sub
399 1769 500 1828 horam
514 1780 581 1847 post
590 1769 739 1827 meridiem
753 1768 874 1838 tertiam,
889 1780 949 1825 tor-

151 1887 282 1934 mentum
292 1874 382 1933 enavi
390 1875 565 1952 exploditur,
575 1874 797 1934 adrevocandos
805 1894 844 1932 ex-
857 1869 950 1930 insuia

151 1977 261 2031 nautas.
306 1973 376 2037 Quo
391 1973 475 2050 signo
489 1986 532 2032 ter
546 1975 668 2053 repetito
681 1975 746 2034 erim
766 1992 852 2032 nemo
873 1972 950 2031 redi·

149 2076 228 2144 isset,
251 2074 307 2133 alia
328 2076 434 2154 scapha
447 2097 464 2136 e
476 2079 543 2138 navi
561 2080 692 2158 profecta
708 2090 753 2139 est
766 2080 803 2137 ad
816 2068 949 2147 insulam,

150 2175 234 2235 Tunc
256 2178 398 2236 Robinson
417 2199 484 2237 cum
503 2182 589 2237 sociis
607 2183 637 2237 in
658 2183 761 2238 collem
783 2202 814 2238 se
839 2183 950 2258 recipitf

150 2278 267 2354 Scapha
278 2277 409 2353 appulsa,
424 2290 521 2337 nautae
537 2281 575 2336 ad
587 2281 713 2356 priorem
731 2293 851 2338 currunt
864 2301 952 2358 quam

149 2379 250 2437 uident
264 2379 293 2435 in
304 2379 381 2436 sicco
390 2390 420 2436 et
432 2380 616 2456 perforatam.
653 2381 671 2439 J
673 2401 718 2440 am
733 2371 953 2461 circumspicere

152 2482 304 2558 'sociosque
312 2481 428 2539 nomine
436 2500 550 2541 vocare.
563 2482 659 2542 Nemo
667 2485 825 2544 autemfuit
833 2487 883 2563 qui
891 2495 951 2544 reess

156 2585 306 2662 ponderet.
329 2584 378 2643 Illi
391 2585 491 2644 decem
502 2607 621 2646 numero
633 2602 722 2659 erant,
732 2590 832 2647 armati
841 2609 951 2649 omnes.

156 2688 298 2747 Robinson
312 2689 362 2765 qui
375 2708 413 2747 ex
423 2689 563 2766 praefecto
577 2700 727 2769 acceperat
733 2692 809 2750 mter
824 2693 953 2771 captivos

155 2803 212 2849 tres
229 2812 292 2850 ease
318 2792 369 2869 qui
390 2812 448 2851 non
466 2793 520 2851 nisi
538 2787 624 2852 metu
649 2796 740 2854 coacti
759 2809 901 2855 venerant
924 2798 956 2854 in

154 2891 451 2966 scelerissocietatem,
460 2882 951 2977 Friduygubernatoremqueadeos

189 3112 287 3160 Delicti
294 3111 407 3171 venium]
439 3076 598 3176 Ponuntur
608 3114 678 3162 their
690 3114 779 3164 crime.

154 3200 273 3264 Atque
294 3199 332 3248 in'r
352 3198 443 3265 etiam]
477 3200 544 3252 And
550 3201 626 3256 their
645 3186 818 3283 handawere
837 3202 954 3263 likewise

159 3286 261 3336 bound.
495 3307 498 3313 ·

195 3368 311 3419 Vectibue
320 3340 441 3436 annoto]
476 3373 685 3440 Bytheholpof
691 3374 785 3426 levero

194 3457 449 3524 Carindpersorato]
468 3461 781 3587 Ηινίιιμὲαᾱοαὴοὶοἰη
791 3434 955 3514 tliebottom

560 3548 578 3587 1.
693 3565 695 3569 ,
