2190 3900
186 344 239 399 as
371 349 572 428 'uonmsou
590 349 793 402 cnusosus.

188 494 220 542 et
231 484 290 542 duo
304 482 503 561 Hispanicum
516 484 666 543 uxoribus.
688 483 804 549 Quibus
818 482 984 540 convocatis

179 605 274 669 *suam
286 585 428 644 Robinson
441 582 598 645 declaravit
611 585 798 654 voluntatem,
811 585 857 643 his
870 585 987 643 verbis:

185 693 211 726 ·“
226 686 379 747 Neminem
390 689 452 747 fore
465 707 558 765 spero,
572 688 623 764 qui
643 688 713 746 mihi
731 687 781 765 jus
802 688 927 764 deneget
951 687 989 745 de

193 794 211 822 ‘⁸
225 792 313 848 rebus
322 792 403 861 meis,
417 791 448 848 id
460 803 513 859 est,
523 789 578 848 hirc
591 789 684 849 insulsi
697 810 764 848 cum
773 790 907 847 omnibus
921 808 987 866 quae

186 897 212 950 ;“
227 893 257 951 in
270 892 304 951 ei
317 904 393 963 sunt,
404 893 523 951 arbitrio
533 912 598 950 meo
611 889 765 950 statuendi.
794 890 877 968 Opto
889 903 987 950 autem

195 1000 213 1027 “
227 1008 260 1053 ut
273 996 402 1054 omniurn
415 992 556 1073 cujusque
568 992 697 1053 vestrum
706 993 756 1071 qui
768 993 815 1051 htc
828 996 988 1055 remansuri

188 1103 213 1148 ,“
228 1098 297 1155 estis
311 1097 439 1156 conditio
453 1098 491 1154 sit
503 1097 688 1165 beatissima3
710 1108 798 1172 atque
810 1097 848 1154 ad
866 1096 897 1154 id
910 1086 1002 1155 asse·-

187 1205 213 1243 ·“
226 1201 383 1276 quendum,
406 1213 498 1259 certas
518 1201 598 1277 leges
621 1220 679 1258 uon
700 1199 871 1259 habentibus
891 1218 991 1259 meum

187 1306 214 1349 ss‘
228 1314 272 1359 est
285 1302 442 1370 instituere,
456 1312 586 1358 vestrum
597 1311 694 1358 autern
708 1300 798 1375 sequi.

124 1456 137 1476 .,
238 1408 255 1435 “
269 1401 347 1461 Haec
360 1394 448 1478 igitur
460 1401 589 1479 accipite.

190 1556 193 1564 .
239 1509 256 1537 ‘⁶
270 1503 337 1563 Hos
347 1505 437 1585 ⁴ambo
450 1503 600 1580 Hispanos
618 1523 673 1580 ego
692 1523 773 1561 meos
797 1504 826 1561 in
841 1503 936 1561 iusulb
949 1505 992 1562 vi·
1029 1576 1036 1586 ,

190 1612 217 1655 ·“
231 1605 492 1666 cariossonstituo.
533 1603 576 1664 Hi
587 1605 766 1682 praeeipient,
780 1624 832 1662 vos
845 1605 992 1682 parebitis.

189 1713 217 1759 .“
231 1707 289 1766 His
303 1707 452 1767 committo
472 1720 642 1784 apparatum
655 1727 770 1765 omnem
783 1705 929 1777 bellicum,
942 1725 994 1766 va·

150 1864 152 1868 .
190 1812 216 1847 v“
230 1806 330 1884 riaque
342 1807 541 1875 iustrumenta,
554 1804 591 1868 eb
612 1816 708 1868 tamen
720 1805 785 1882 lege
802 1818 834 1863 ut
855 1805 896 1862 illi
910 1806 995 1863 vobis

190 1914 217 1966 .“
231 1910 391 1968 necessaria
410 1910 578 1986 praebeant;
601 1927 654 1967 vos
676 1918 775 1969 autern
800 1926 866 1966 cum
884 1906 920 1969 iis
939 1906 994 1967 bo·

189 2014 218 2078 ,⁶⁶
231 2013 313 2074 ueste
326 2012 357 2068 in
370 2030 442 2088 pace
455 2011 568 2068 vivatis.

191 2157 196 2165 .
239 2108 319 2175 “,At
331 2110 471 2186 principio
480 2109 577 2168 Deum
586 2111 691 2182 colite3
714 2111 793 2170 nulla
806 2112 882 2171 enirn
894 2111 995 2172 civius
1049 2098 1051 2103 ,

188 2217 218 2276 >⁴⁶
231 2211 324 2282 firma,
338 2212 393 2272 uisi
406 2212 626 2272 fundamentum
641 2214 678 2272 sit
691 2214 791 2290 pietas,

192 2363 201 2371 .
241 2320 259 2348 ‘⁴
273 2315 412 2391 Proxima
425 2315 524 2393 pietati
538 2316 575 2373 sit
591 2315 714 2393 justitia.
761 2315 815 2373 Jus
837 2335 922 2374 suurn
936 2317 997 2374 cui-

191 2423 217 2449 “‘
232 2437 295 2494 que·
303 2419 454 2501 tribuatun
465 2436 499 2476 ac
508 2431 551 2476 'ne
564 2418 616 2477 eui'
623 2418 688 2494 quis
701 2429 811 2476 noceat.

241 2523 258 2551 ‘⁴
272 2517 320 2578 De
333 2519 445 2580 caeteris
458 2516 544 2578 ambo
558 2519 682 2596 Hispani
698 2520 831 2578 viderint.
863 2521 913 2578 Illi
924 2521 996 2580 fines

195 2620 219 2683 ‚⁶⁴
233 2616 310 2692 agris
320 2617 520 2692 assignabunt,⁴
527 2601 662 2695 juraquess
676 2632 765 2696 prout
774 2639 820 2677 res
828 2618 996 2696 postulabit,

145 2755 149 2763 .
191 2722 223 2787 ,ἕξ
237 2719 350 2793 privata
360 2720 537 2797 publicaque
550 2733 686 2779 statuent.

486 2861 695 2884 nomentano

231 2962 293 3028 Jus]
327 2965 346 3013 J
349 2978 378 3011 us
391 2964 523 3013 statuendi
535 2979 593 3015 meo
605 2965 717 3016 arbitrio
728 2968 760 3016 de
776 2968 854 3043 rebus
864 2967 941 3029 tusis,
952 2970 992 3018 &0

133 3099 136 3108 ,
234 3055 323 3103 Certus
343 3055 409 3117 loyes
427 3071 479 3103 non
499 3055 672 3150 assentiunt
709 3055 771 3108 To
768 3054 821 3151 yo'u
844 3057 946 3167 baving
963 3073 1000 3108 no

197 3139 523 3190 bassileus·
609 3156 632 3191 ,ν

236 3225 360 3294 Vitarios]
394 3227 534 3291 Deputies.

226 3314 321 3380 'Fines]
356 3316 532 3368 Boundaries.

379 3520 474 3573 ’.ι
