2190 3900
198 398 246 448 152
390 396 579 450 ROBINSON
596 393 798 450 CRUSOEUS.

195 544 248 590 ret.
292 529 428 595 Quonam
441 528 511 588 verb
524 527 566 586 illi
580 526 718 587 tendent?
752 525 859 606 Fridop
871 529 994 606 optabat

191 644 226 693 ut
236 633 267 690 in
279 632 403 711 patriam
415 630 538 701 rediret;
562 629 705 688 Robinson
717 641 814 691 autem
823 641 857 688 ut
869 631 907 689 ad
920 651 991 690 con·

192 733 331 792 tinentem
344 732 488 792 Americae
498 731 563 792 vela
575 731 721 803 darentur,
731 731 782 796 ubi
790 751 821 790 se
830 730 992 811 Hispanos,

190 831 321 911 aliosque
328 835 364 892 ab
371 832 491 910 Europd
497 831 643 910 profecto
650 818 834 891 inventurum
842 837 987 911 sperabat.

190 931 299 1014 Fridoy
311 936 381 994 verb
393 935 487 1012 patria
506 933 619 992 nonnisi
638 945 762 1009 quatuor
776 932 887 992 circiter
900 935 989 994 milli-

189 1035 288 1093 aribus
301 1037 409 1106 aberat,
424 1015 500 1093 terra
510 1034 658 1093 continens
672 1034 824 1094 duodecim
838 1047 889 1095 aut
901 1038 986 1113 quin·

88 1187 92 1201 ,
188 1134 293 1192 decim.
328 1132 419 1199 Quod
427 1134 451 1191 si
465 1132 545 1211 prius
559 1132 598 1190 ad
610 1131 733 1191 insulam
747 1131 905 1204 tenderent,
916 1145 985 1192 tunc

187 1255 205 1292 a
228 1234 385 1292 continenti
412 1232 488 1292 terra
521 1233 654 1311 pluribus
686 1234 781 1292 adbuc
800 1233 984 1310 *milliaribus

188 1335 370 1408 recedebant,
388 1347 475 1411 atque
487 1334 544 1393 hoc
557 1335 621 1413 ipso
634 1334 795 1413 periculum
808 1334 917 1395 itineris
931 1356 982 1394 au-

187 1439 319 1514 gebatur.
393 1499 396 1505 ,

225 1537 334 1616 Fridoy
347 1537 419 1596 nihil
432 1557 469 1597 ex
488 1538 522 1597 iis
540 1557 607 1615 quae
624 1539 769 1615 pertinent
789 1539 827 1597 ad
848 1550 980 1600 naturam

184 1638 272 1698 maris
280 1632 461 1699 no'veratuisi
471 1639 549 1718 quod
558 1659 674 1699 necesse
682 1652 758 1698 esset
769 1623 848 1699 ut'ad
856 1641 979 1700 insulam

184 1760 267 1800 suam
278 1742 449 1820 perveniret.
462 1741 533 1799 ‘Ista
540 1754 637 1800 autem
645 1742 737 1818 magis
747 1742 979 1816 etiamRobiosoa

182 1843 344 1920 ignorabat,
358 1844 494 1920 quoniam
507 1844 537 1902 in
549 1844 605 1902 hoc
615 1844 688 1903 mari
700 1846 846 1922 nunquam
858 1845 976 1922 naviga-

127 1961 130 1969 '
182 1960 272 2004 verat·

214 2046 348 2106 Tandem
355 2048 415 2126 qud
427 2048 569 2108 Robinson
578 2049 697 2111 ardebat
704 2050 835 2110 homines
842 2050 975 2109 humani·

182 2158 241 2206 tate
255 2147 387 2208 excultos
407 2149 551 2209 revisendi
572 2151 715 2229 cupiditas
733 2173 848 2211 omnem
861 2153 976 2212 dubita·

180 2248 287 2308 tionem
301 2249 379 2310 vicit.
420 2236 561 2318 Quamvis
574 2251 683 2331 Fridoy
694 2253 813 2312 instaret
825 2254 975 2332 multaque

180 2366 210 2414 et
224 2355 304 2415 varia
319 2355 466 2436 objiceret,
490 2369 630 2417 statutum
643 2358 834 2436 estproximo
852 2357 899 2417 die
918 2359 974 2417 iter

178 2476 289 2535 parare,
303 2473 337 2519 ut
349 2461 400 2520 ubi
412 2460 538 2539 primum
550 2472 655 2520 ventus
667 2461 814 2539 aspiraret,
825 2461 891 2523 vola
903 2461 973 2523 dare

177 2557 301 2638 Deoque
314 2561 428 2622 favente
440 2562 510 2622 illuc
526 2562 643 2623 tendere
656 2561 706 2621 ubi
718 2560 826 2640 Fridoy
839 2563 974 2640 sperabat

175 2677 207 2718 se
219 2661 382 2737 proximam
396 2663 566 2722 continentis
580 2682 661 2723 oram
674 2663 866 2725 inventurum.

470 2775 663 2819 unewanno

208 2876 340 2944 Tondeat]
374 2879 450 2928 Bend
463 2877 532 2929 their
543 2891 646 2928 course.
699 2853 704 2863 ⁴

207 2964 329 3026 Tandem,
342 2965 396 3028 tra]
431 2964 570 3030 cupiditas
588 2964 639 3031 qut
655 2966 793 3018 Robinson
804 2968 913 3019 ardebat
923 2984 968 3020 ro-

169 3050 283 3111 visendi,
297 3054 343 3101 tec.
357 3051 431 3102 vicit.
467 3068 470 3072 ·

202 3138 372 3190 Hamottitote
381 3141 505 3204 excultos]
540 3140 580 3191 of
586 3141 708 3192 civilized
722 3143 832 3209 society.
