2190 3900
337 408 525 461 oomnsou
543 405 746 460 ORUSORUU.
908 394 938 459 l?

168 527 347 599 'Proiectus
360 539 476 598 taudem
489 540 598 611 statuit,
611 538 719 599 omissi
730 539 848 619 proprii
861 540 939 600 utili·

146 653 205 702 rate
228 654 344 701 centum
366 651 396 699 et
418 639 541 718 amplius
563 642 733 701 milliaribus
752 662 771 700 a
789 641 838 701 via
859 642 939 703 recte

145 744 308 813 deflectere,
329 747 436 819 cosque
455 742 485 800 in
506 752 611 800 terram
630 762 728 800 norom
746 745 941 821 nansportirre

146 846 196 904 ubi
209 847 342 923 sperabat
354 844 425 915 fore,
441 857 474 902 ut
487 864 551 904 sese
562 844 681 903 offerret
692 844 892 923 opportunitas
912 844 942 904 in

145 945 272 1006 Galbam
281 964 346 1006 cnm
355 947 547 1024 piscatoribus
560 946 716 1005 asellorum
724 944 874 1004 redeundi.
897 945 942 1004 Er

144 1047 233 1127 igitur
253 1068 369 1107 cursum
386 1047 501 1117 direxit,
523 1046 646 1124 cumque
662 1047 833 1117 advenisset,
854 1059 943 1106 naves

145 1148 263 1226 gallicas
276 1161 377 1208 nactus
394 1161 439 1208 est
451 1169 517 1227 qnae
530 1149 651 1207 miseros
663 1161 842 1227 receperunt.
885 1147 943 1208 His

145 1251 268 1329 peractis
278 1251 333 1309 iter
346 1270 430 1328 suum
443 1250 480 1309 sd
496 1250 632 1309 Goineom
642 1262 813 1329 prosecutus
827 1262 880 1310 est.

186 1352 264 1411 Tum
286 1353 367 1412 navis
389 1353 524 1412 celerimo
545 1372 631 1411 cursu
648 1371 738 1429 aquas
758 1364 855 1422 secat3
884 1350 943 1428 qui

146 1454 301 1531 navigandi
321 1454 475 1513 velocitate
486 1453 629 1513 Robinson
650 1466 749 1513 noster
760 1452 833 1512 mire
847 1451 943 1514 deleo·
970 1522 974 1531 „

146 1561 223 1614 tatus
236 1569 290 1615 est.
332 1557 405 1615 Post
416 1557 528 1633 aliquot
539 1556 601 1615 dies
613 1576 681 1616 ecoe
692 1576 828 1634 magnam
840 1575 944 1618 navem

147 1657 336 1734 conspiciunt,
350 1657 429 1714 adse
440 1654 615 1714 tendentem.
658 1656 735 1716 Mox
742 1659 812 1718 verb
824 1656 946 1716 audiunt

148 1759 275 1819 sonitum
297 1766 505 1835 tormentorum
518 1756 639 1836 periculi
659 1757 792 1817 instantis
810 1757 944 1830 indicem,

147 1872 178 1921 et
189 1859 422 1920 animadvertunt
436 1860 538 1941 nasein
551 1880 616 1920 esse
627 1860 742 1919 duobus
762 1859 846 1921 malis
859 1864 944 1924 orbo·

150 1975 218 2023 turn.
260 1961 336 2022 Cinn
348 1962 386 2020 nd
406 1982 469 2021 eam
482 1961 617 2041 proprius
636 1963 831 2034 accessissent,
852 1964 902 2043 qui
914 1964 945 2024 in

148 2062 382 2134 invehebantur,
399 2063 520 2123 sublatis
528 2063 671 2136 manibus,
679 2063 879 2124 miserabiliter
891 2084 943 2124 ex·

150 2166 294 2228 clamant:
311 2167 429 2228 Servate
440 2169 569 2229 infelices
589 2170 695 2246 quibus
706 2168 842 2230 omnibus
861 2184 944 2248 pere-

111 2275 124 2288 ”
148 2269 259 2330 nudum
271 2271 458 2341 estnisiros
475 2291 576 2330 corum
587 2271 744 2332 miserebit.
1013 2338 1016 2343 ,

78 2377 81 2381 ’
189 2369 268 2429 Turn
275 2391 319 2432 ex
331 2371 367 2429 iis
378 2371 534 2447 quaesitum
551 2385 596 2431 est
608 2372 679 2449 quid
690 2371 760 2433 mali
770 2371 944 2441 accidisset?

150 2470 281 2537 Quidam
292 2473 362 2530 verb
374 2492 413 2530 ex
425 2472 482 2531 illis
495 2473 536 2531 sio
549 2490 632 2531 orsus
644 2484 706 2532 est:

190 2572 282 2652 Angli
293 2594 402 2646 sumus,
422 2595 460 2635 ex
472 2572 568 2635 insula
579 2575 719 2648 launico,
739 2577 867 2639 nocheri
879 2596 945 2640 ree·-

151 2687 246 2735 turam
266 2674 335 2734 inde
356 2675 543 2753 deportaturi.
591 2674 637 2735 lbi
659 2676 729 2736 dum
754 2677 836 2737 navis
858 2688 947 2738 araret

151 2775 283 2836 anchoris
303 2775 421 2854 alligata
439 2777 597 2856 praefectus
616 2797 684 2837 curn
704 2779 898 2857 gubernatore
916 2779 946 2838 in

435 2930 438 2936 Α
450 2909 520 2935 um
525 2909 659 2931 menen

187 2992 281 3043 emesa
295 2992 404 3058 proprii
424 2991 555 3059 utilitate]
573 2992 698 3044 without
716 2996 888 3064 ooneidonog
904 2997 945 3048 his

153 3091 213 3128 oun
226 3078 345 3128 interest.

186 3163 438 3231 enumeratorum,
451 3161 507 3229 ero]
525 3164 599 3215 With
611 3163 772 3217 oodiisbers.

186 3249 309 3301 Orbotm
320 3249 385 3316 esre]
404 3251 466 3302 llad
477 3250 537 3302 lost.
840 3272 842 3281 ·

172 3372 177 3379 -
188 3333 405 3388 munitos
411 3339 572 3405 pereundum
583 3339 634 3398 ert]
643 3337 712 3387 Wbo
720 3337 756 3388 ul
766 3339 836 3390 nrusl
846 3338 944 3406 periali.

176 3422 321 3475 -l'scturors'
330 3422 460 3489 recolor]
477 3427 500 3476 Α
510 3436 591 3491 sergo
601 3422 727 3488 nsum.
