2190 3900
336 416 526 474 nonmsort
542 419 743 475 CRUSOEUS·
886 423 932 473 151

145 554 266 616 inmane
275 547 481 618 demitteretur.
510 544 934 636 Quoniamverolocus'inquo

145 677 249 717 navem
270 649 587 738 fabricaverant'longe
606 658 856 731 amaridiatabat,
876 679 935 720 non

143 758 216 818 uatis
229 761 346 837 putebat
358 759 417 840 qud
429 750 548 833 ratione,
568 774 603 821 ut
621 773 684 822 erat
696 754 876 839 gravisuma,
898 760 936 820 ad

146 871 230 921 'mare‘
237 875 288 922 aut
300 865 500 937 deduceretur,
513 880 558 925 au'
565 865 774 944 deportaretur,
783 876 835 924 aut
842 863 936 923 trahe·

143 962 234 1032 retur,
255 975 306 1021 aut
327 963 450 1041 denique
471 956 699 1042 provolveretur.
742 963 783 1023 Et
803 981 880 1023 nuno
901 978 939 1022 ex
981 1024 982 1028 ,

144 1061 203 1122 illis
216 1064 442 1139 difficultatibus,
457 1056 603 1147 quomodo
615 1067 837 1146 se'expedientl

147 1174 149 1178 '
186 1166 290 1246 Neque
298 1172 366 1230 verd
374 1171 631 1234 Robintorroblitus
640 1183 701 1232 erat
709 1169 841 1231 utilitatis
851 1186 940 1246 quam

145 1268 234 1349 longa
256 1275 365 1351 pertica
385 1276 441 1354 ipsi
462 1276 646 1354 praestiterat.
698 1275 940 1342 Quamobrem

146 1363 223 1433 nunc
237 1394 352 1454 quoque
364 1377 444 1437 illam
456 1379 596 1438 adhibuit.
632 1379 780 1438 Sednavis
790 1389 849 1437 tam
861 1376 940 1436 lente

147 1474 301 1549 provoluta
312 1490 366 1547 est,
387 1490 420 1535 ut
441 1476 524 1536 facile
544 1479 740 1556 intelligerent
751 1499 783 1538 ee
795 1480 941 1555 integrum

148 1594 278 1634 mensem
290 1578 320 1635 in
332 1577 387 1636 hdo
400 1577 489 1656 opert
502 1591 724 1657 consumpturos
737 1598 809 1638 esse.
868 1572 873 1592 ¹

191 1674 323 1736 Tandem
336 1681 499 1757 opportune
511 1679 679 1739 reeordatus
692 1690 737 1739 eat
748 1679 822 1738 alius
835 1678 941 1737 instru-

54 1861 56 1869 .
98 1814 102 1824 -
133 1818 136 1824 Δ
150 1779 240 1837 menti
253 1780 486 1860 aequesimplioia
500 1778 702 1861 parabilisque,
726 1787 785 1858 qu'o
798 1780 872 1840 fabri
887 1780 942 1859 lig-

149 1871 222 1940 narii
235 1882 341 1960 aliique
356 1883 387 1942 in
406 1882 526 1962 Europd
540 1885 583 1944 uti
595 1883 689 1943 solent
702 1882 740 1942 ad
749 1899 855 1961 magna
867 1902 940 1962 pon·

151 1981 220 2038 dera
232 1985 436 2059 promouendo,
450 1985 572 2063 cylindri
586 1984 730 2044 nimirum.

152 2076 156 2081 ’
185 2075 398 2157 Quod'quidem
406 2081 605 2141 vixRottnsot
615 2093 752 2161 expertus
761 2081 868 2159 magnit
876 2100 944 2141 cunt

150 2166 1005 2261 Mfflmffimmwnj

152 2279 352 2341 Postbiduum
359 2285 432 2341 mari
440 2294 556 2360 quoque
565 2281 706 2340 committi
713 2283 943 2358 potuitmagno·

153 2400 211 2457 que
224 2401 290 2438 eum
303 2381 460 2458 voluptatis
473 2401 558 2441 sensu
572 2394 693 2457 uterque
713 2381 857 2458 comperit
866 2379 945 2440 illam

155 2481 193 2541 ad
206 2482 401 2560 navigandum
413 2483 531 2562 prorsus
546 2504 608 2543 esse
620 2483 762 2541 idoneam.
837 2514 840 2518 ·

155 2599 159 2605 '
177 2594 180 2602 '
195 2586 261 2646 Jam
275 2585 346 2645 nihil
358 2586 501 2667 superstiit
517 2585 572 2646 nisi
587 2598 621 2644 ut
633 2604 700 2663 quae
713 2583 750 2643 ad
762 2582 947 2663 proficiscen·

155 2689 225 2748 dum
239 2696 334 2748 essent
346 2688 505 2748 necessaria
517 2700 694 2767 pararentur,
709 2687 818 2748 scilicet
825 2700 859 2747 ut
865 2689 948 2748 navis

155 2802 199 2848 tot
206 2803 373 2850 oneraretur
385 2791 590 2851 commeatibus
602 2802 674 2869 quot
682 2791 820 2852 vehendis
832 2790 946 2852 suffice-

441 2923 652 2944 mmm

159 2987 306 3056 'Perttea]
342 2992 435 3057 Apula
446 2997 478 3042 or
487 2993 568 3047 laver.

190 3078 334 3146 Paralilt‘e]
367 3082 590 3146 Eurytobogot.

191 3167 272 3215 Fabri
283 3167 402 3233 liquarit]
436 3168 605 3232 carpentem.

195 3253 323 3318 cylindri]
355 3253 476 3304 Aroller.

192 3338 231 3387 Ad
239 3339 462 3402 proficiscendum]
495 3342 550 3391 For
560 3341 606 3391 tha
618 3353 724 3404 voyage.

197 3422 329 3486 vehendis]
360 3426 415 3475 For
424 3425 501 3475 thoro
511 3425 570 3475 who
585 3440 653 3476 wara
663 3426 693 3476 to
704 3424 752 3476 teil
764 3427 793 3476 in
804 3424 859 3482 her.

531 3518 590 3575 uh
