2190 3900
283 726 463 793 CAPUT
484 722 821 833 VIGESIMUM.

131 1024 135 1028 ·
175 985 339 1051 flaviarum
355 984 590 1065 tempus-Socii
607 996 717 1045 nectum
735 989 933 1070 stragulae.-

251 1146 256 1152 .
346 1090 754 1172 Retia.-Cymdaccnfisitur.
787 1134 790 1140 ·

155 1324 224 1383 less
232 1320 364 1400 dieoperi
371 1317 521 1389 destinae,
528 1317 631 1378 'aderat
638 1319 805 1396 pluviarum
815 1331 951 1399 tempus3·

151 1427 232 1503 quod
243 1426 289 1485 bis
301 1445 353 1504 per
371 1443 478 1483 annum
490 1423 625 1500 ingruere
637 1422 779 1510 Robinson
789 1443 848 1483 non
861 1426 948 1485 unius

151 1532 219 1589 anni
232 1528 398 1608 expetentid
410 1527 557 1586 didicerat.
590 1525 660 1591 Quo
674 1537 803 1604 tempore
812 1547 864 1606 per
872 1529 946 1588 duos

151 1652 264 1694 menses
271 1628 821 1711 perpetuonullinegoticvacareextrs
828 1617 949 1690 domuin

152 1734 271 1805 licebat3
287 1734 367 1794 tantd
379 1735 418 1803 vi,
431 1733 583 1791 continuus
593 1733 685 1790 imber
695 1734 797 1791 ruebat
809 1732 846 1792 de
855 1735 946 1793 coelol

150 1835 390 1893 animadverterat
410 1850 527 1909 quoque
547 1830 689 1890 Robinson
707 1852 770 1891 esse
787 1834 947 1894 valetudini

149 1937 265 1996 omnind
292 1936 465 1996 contrarium
485 1933 536 1993 ills
561 1933 732 2013 tempestate
754 1938 831 1997 foras
852 1923 943 1999 exire.
971 1962 977 1971 ·

152 2037 234 2102 Quid
246 2038 333 2115 igitur
346 2035 509 2095 laciendum
530 2024 624 2094 erati
653 2037 752 2097 Dilatd
771 2040 853 2098 navis
876 2061 945 2100 con·

150 2140 282 2210 sectione,
304 2148 418 2216 tempus
439 2137 468 2196 in
486 2137 634 2197 laboribus
655 2139 819 2200 domesticis
840 2162 945 2202 consu·

147 2242 285 2303 mendum
297 2240 362 2300 fuis.

180 2340 330 2408 ouantem
337 2338 602 2419 profuitRcbinscni
609 2359 661 2417 per
669 2340 730 2399 dies
741 2340 807 2400 illos
815 2342 942 2420 pluvios,

147 2458 234 2523 atque
241 2442 737 2522 horasvespertinsslongaseasdem
746 2446 942 2526 obscurasque

147 2548 216 2624 igne
225 2547 267 2603 uti
275 2558 304 2604 et
311 2545 419 2603 lumine
427 2545 609 2621 amicumque
621 2544 728 2604 hebere
739 2548 855 2622 qulcum
869 2559 943 2609 tem·

146 2666 202 2726 pus
213 2647 287 2705 inter
297 2665 385 2723 opera
394 2644 551 2704 domestica
560 2644 698 2723 jucundis
712 2647 943 2711 confabulation-

145 2748 211 2807 ibus
224 2747 396 2806 traduceret.
437 2745 534 2805 Antei
547 2747 623 2805 enim
636 2748 733 2808 tristes
752 2749 821 2809 istas
841 2765 943 2814 noctes

146 2848 290 2908 solitarius
306 2848 336 2907 in
349 2848 409 2906 otio
429 2859 459 2906 et
479 2848 604 2907 tenebris
617 2847 748 2926 degerat.
791 2850 858 2911 Jam
872 2857 942 2914 verd

145 2970 211 3011 cum
224 2951 303 3010 socio
315 2948 353 3010 sd
365 2949 529 3027 lampadem
539 2961 568 3009 et
576 2950 674 3010 focum
683 2950 795 3024 sedens,
805 2952 835 3013 in
843 2954 943 3032 aliqud

169 3163 308 3232 Inqruerc]
343 3167 529 3216 Tocomc—to
543 3167 656 3232 huppen.

172 3256 232 3303 Non
243 3257 319 3304 unius
330 3252 406 3318 anni]
440 3253 480 3303 01⁴
485 3269 558 3304 mors
567 3253 632 3303 than
644 3268 696 3305 ene
706 3270 779 3319 yser.

172 3341 276 3404 mass]
309 3340 397 3407 Being
405 3340 465 3392 thus
477 3340 635 3409 necessarily
647 3341 763 3410 delsysd.
