2190 3900
310 371 498 425 nonmson
515 371 723 427 CRUSOEUSA
875 371 910 423 98

120 498 274 569 diesenim
294 497 369 555 duos
389 496 540 554 oontinuos
561 517 666 574 aquam
686 517 744 559 non
766 499 919 570 biberantr

118 602 242 663 necdum
250 598 486 669 etiamRobinson
493 600 746 677 propteroorporis
753 601 918 661 imbricem--

120 715 210 770 tatem
223 720 350 779 surgere,
365 717 526 777 aquamque
539 701 575 758 iis
586 701 748 761 ministrare
757 703 860 779 potuit.
943 709 947 716 '

160 799 236 858 Cirm
248 800 339 858 Lama
351 812 443 857 mater
455 798 568 857 adeum
577 799 647 857 satis
656 798 912 877 appropinqutiaset

118 916 152 965 ut
172 905 245 964 bano
265 916 364 982 posset
384 904 534 980 attingere,
558 916 621 963 tum
640 904 736 963 levato
749 924 871 982 corpore
883 905 913 963 in

120 1010 258 1079 cubitum,
271 1008 376 1068 dextris
387 1029 452 1068 eam
464 1009 572 1078 mulsit,
581 1029 618 1067 ex
633 1008 715 1088 cujus
727 1009 818 1087 tepidi
831 1008 929 1068 lactis⁸

119 1110 225 1168 haustu
245 1110 401 1187 plurimdm
423 1112 533 1188 accepit
552 1111 711 1177 levaminis.
754 1109 823 1176 Quo
837 1110 920 1169 facto·

120 1231 218 1270 rursus
224 1232 357 1270 somnum
366 1212 442 1290 cepit
452 1232 544 1289 usque
551 1213 589 1270 ad
599 1212 668 1271 solis
673 1233 816 1273 occasum.
828 1211 914 1271 Nunc

122 1325 217 1387 autem
230 1314 287 1372 cibi
299 1313 392 1391 major
406 1314 461 1372 fuit
471 1315 624 1392 appetitus.
660 1314 762 1391 Itaque
776 1314 915 1373 nonnullo

122 1415 287 1474 solariorum
300 1418 403 1473 tubera
415 1435 502 1473 succo
515 1415 584 1473 mali
597 1416 678 1473 citrei
691 1436 807 1493 aspersa
819 1436 922 1477 some·-

124 1515 175 1586 dit,
189 1536 223 1574 ac
237 1516 333 1591 denub
347 1536 465 1574 somnus
480 1535 547 1573 eum
559 1514 728 1595 complexus
742 1530 795 1575 est.

164 1615 263 1690 Atque
275 1616 341 1673 haec
353 1615 412 1672 alta
425 1616 515 1690 quies,
530 1617 744 1676 obsecundante
757 1618 841 1676 firma
853 1639 925 1689 cor-2

125 1717 208 1795 poris
216 1716 394 1784 habitudine,
408 1733 495 1791 quam
504 1736 523 1773 a
533 1716 636 1774 naturai
648 1717 790 1776 Robinson
800 1720 924 1791 sortitus

125 1832 187 1878 erat
200 1821 350 1896 tantopere
363 1817 401 1876 ad
414 1818 488 1876 vires
501 1817 564 1895 ejus
577 1817 745 1877 reficiendas
765 1820 863 1891 valuit,
886 1836 919 1882 ut

39 1961 42 1972 ,
125 1920 259 1998 proximo
273 1940 358 1978 mane
370 1938 497 1995 surgere,
519 1930 549 1976 et
569 1920 762 1979 tentabundus
781 1921 919 1999 progredi

127 2023 254 2081 auderet.

167 2123 193 2182 E
207 2123 381 2202 speluncriin
392 2128 566 2187 vestibulum
575 2127 702 2188 titubans
711 2129 848 2207 prorepit.
871 2127 919 2189 Ibi

127 2224 195 2301 solis
208 2227 326 2287 orientis
339 2228 421 2297 radii,
441 2230 515 2287 inter
528 2229 647 2286 frondes
659 2229 820 2289 vicinarum
833 2231 919 2290 arbo-

127 2348 192 2386 rum
218 2329 351 2398 nitentes,
372 2328 452 2386 vitali
473 2348 539 2385 eum
560 2328 655 2387 calore
675 2341 813 2386 recreant.
857 2329 919 2389 Sibi

128 2428 541 2504 quasireobnsnatusvidetun
556 2428 631 2497 Deo,
639 2429 708 2486 vitae
720 2429 793 2487 fonti
802 2441 927 2502 aetemo,

126 2529 234 2607 gratias
248 2530 310 2606 agit
330 2529 409 2605 quod
424 2529 479 2587 sibi
499 2529 594 2587 denuo
614 2530 719 2589 intueri
735 2531 821 2590 lioeat
842 2533 926 2603 sidus¹

126 2631 199 2697 illud
206 2631 431 2710 pulcherrimum
439 2631 739 2708 mirandaquesummi
747 2655 843 2695 rerum
852 2655 927 2703 oon--

127 2734 228 2796 ditoris
241 2757 338 2815 opera.
372 2734 459 2795 Nunc
472 2736 575 2814 aspicit
588 2736 706 2795 ooerulei
720 2738 787 2798 coeli
800 2740 920 2805 immen-

424 2872 634 2892 mmm

159 2950 201 3000 Ex
213 2952 285 3015 cajus
298 2951 382 3016 teperti
393 2952 469 2999 lactis
481 2949 587 3012 haustu]
607 2951 686 2999 From
697 2950 743 3001 tire
755 2952 883 3019 drinking
894 2954 926 3005 os

127 3032 214 3082 whose
224 3048 303 3082 warni
314 3032 387 3082 mttk.
592 3043 596 3051 “

160 3119 314 3184 Levominis]
351 3118 464 3170 Benefit.

162 3207 275 3276 Sortitus
292 3206 362 3269 erat]
399 3205 461 3256 Had
472 3209 527 3271 got,
538 3206 591 3256 bod
602 3207 653 3256 bad
666 3207 744 3271 given
755 3207 816 3257 him.

163 3288 199 3337 Et
211 3289 394 3352 tentabundus]
430 3290 622 3354 Havingmrde
633 3302 650 3337 a
659 3288 731 3340 trial.
