2190 3900
339 391 528 444 nonmson
544 391 746 445 CRUSOEUS.
892 393 939 444 14⁷

147 547 179 586 re
188 523 316 603 gerendi
325 536 482 603 occupatus
492 523 694 600 confabulatur
707 544 800 604 neque
812 527 940 604 unqudm

147 628 230 704 gravi
241 617 360 685 desidiae
373 620 508 704 pondere
514 626 695 704 opprimitur.
767 637 769 643 ’

187 729 287 807 Atque
311 749 348 788 ex
375 730 454 788 socio
480 729 582 789 uuus
610 731 706 790 verus
734 742 810 792 artes
836 733 942 809 quibus
994 717 999 724 “

146 832 262 891 barbari
274 831 427 890 nonnullas
446 831 501 890 sstsi
522 831 740 892 commoditates
753 844 921 911 comparant
932 855 949 904 32

147 932 290 992 Robinson
299 937 415 1011 quoque
424 933 516 993 multa
528 933 612 993 illum
625 934 801 1012 docuitquae
813 934 944 997 barbaris

146 1034 245 1093 latent.
288 1035 334 1093 Ita
353 1035 385 1093 in
398 1033 459 1092 dies
477 1035 627 1112 peritiores
648 1035 717 1094 facti
733 1035 824 1096 multa
841 1035 945 1114 juncti

146 1136 235 1215 opera
255 1136 411 1208 confecere,
433 1157 500 1214 quae
520 1148 621 1196 neuter
637 1137 716 1198 solus
729 1138 876 1216 suscipere
888 1157 943 1217 po·

148 1240 257 1300 tuisset.
272 1239 350 1299 Tum
358 1241 445 1300 ambo
452 1239 621 1300 intellexere
632 1252 741 1318 quanta
747 1261 786 1301 ex
792 1242 944 1303 hominum

148 1343 240 1402 amici
252 1344 462 1422 conspiratione
474 1343 604 1402 oriantur
617 1344 769 1404 commoda
782 1346 887 1420 quibus
900 1345 944 1404 illi

149 1457 287 1514 carerent,
305 1445 330 1503 si
350 1444 509 1503 bestiarum
529 1463 611 1502 more
630 1443 738 1520 singuli
758 1457 942 1520 vagarentur.

150 1547 285 1624 Inprimis
294 1545 401 1624 Fridap
411 1558 502 1604 artem
513 1545 636 1604 callebat
645 1545 704 1623 qud
716 1558 817 1606 tenues
825 1547 944 1607 densas·

148 1668 206 1725 que
231 1646 305 1705 libro
331 1646 476 1722 stragulae
505 1656 633 1703 necteret
658 1647 772 1724 corpori
796 1648 946 1709 vestiendo

147 1749 318 1826 aptissimas.
354 1747 445 1812 Quod
457 1746 524 1806 crim
536 1746 680 1806 Robinson
690 1767 728 1806 ex
741 1767 776 1807 eo
788 1747 945 1821 didicisset,

128 1912 134 1923 ,
148 1865 210 1910 tum
225 1850 266 1909 illi
283 1851 411 1910 certatim
431 1861 490 1909 tam
502 1850 608 1909 multas
623 1849 766 1928 ejusmodi
779 1862 944 1925 texuerunt,

149 1965 181 2010 ut
202 1953 337 2011 idoneum
355 1951 469 2028 utrique
481 1952 686 2010 vestimentum
699 1965 878 2031 suppeteret
915 1954 944 2012 0

145 2053 231 2129 quam
240 2053 403 2131 jucundum
416 2053 568 2113 Robinsoai
585 2054 641 2112 fuit
652 2053 777 2134 abjicere
789 2055 946 2116 amiculum

150 2154 228 2213 istud
248 2155 410 2225 molestum,
433 2176 449 2213 e
469 2155 594 2232 pellibus
624 2155 726 2232 rigidis
745 2176 799 2214 nec
820 2158 946 2216 subactis

150 2250 313 2308 consectum
332 2271 390 2327 quo
410 2249 468 2307 hue
488 2267 581 2324 usque
603 2268 708 2325 corpus
722 2249 778 2325 ipsi
790 2251 947 2326 tegendum

150 2353 253 2411 fuerat.

190 2453 298 2530 Fridcy
318 2452 405 2510 etiam
417 2471 434 2510 e
447 2450 527 2509 fibris
543 2469 650 2509 nucum
664 2468 792 2509 cocossoe
805 2438 948 2528 variisque

151 2557 248 2616 herbis
257 2555 444 2613 lininaturam
452 2553 642 2615 referentibus
650 2552 700 2613 fila
707 2553 848 2614 educendi
856 2568 948 2619 artem

447 2707 643 2728 MNNONOOO

187 2790 296 2856 studies]
332 2787 420 2854 Dsily.

184 2881 279 2930 sonora
297 2877 384 2944 opert]
422 2872 657 2939 Byjointlabour.

185 2968 227 3015 Ex
239 2968 317 3017 umicd
329 2961 530 3027 conspiratione]
567 2963 647 3014 From
666 2963 712 3016 the
731 2963 946 3030 friendly-inter-

154 3072 256 3107 course.
550 3072 552 3078 ,

188 3137 318 3202 Cullebut]
354 3134 572 3187 Wusskilledin.
789 3184 796 3191 ⁵

186 3224 277 3288 Libro]
312 3225 391 3273 From
402 3223 448 3272 the
459 3222 544 3272 inside
555 3221 621 3273 bork
636 3219 668 3272 os
673 3238 689 3272 a
699 3229 765 3275 trae.

186 3310 335 3374 Strupulus]
370 3310 533 3375 Garments„
556 3293 560 3298 ⁷
585 3296 721 3375 Sadame]
752 3309 807 3360 Not
815 3311 929 3362 dressed

186 3392 572 3458 Liniaotursmrcsermtid‘w]
609 3394 901 3462 Somdiringiikcditxt

528 3489 584 3543 nt
