2190 3900
186 374 233 424 166
375 370 565 424 nomnson
581 370 782 422 CRUSOEUS.

183 511 261 580 dare,
274 507 433 586 superfusis
448 507 583 566 fluctibus
594 507 751 577 conditum,
764 523 900 582 moxque,
915 516 978 564 stu-

181 623 268 692 pente
281 624 310 671 et
322 611 409 687 anxio
422 610 587 680 Robinsone,
596 610 692 669 subiti>
706 629 861 688 emergere,
875 601 977 687 variisss

181 734 238 793 que
250 713 344 773 modis
358 732 463 789 corpus
476 713 595 789 agitare.
982 720 988 725 “

222 815 286 876 Nec
310 814 452 874 Robinson
473 813 542 872 satis
562 813 660 872 mirari
679 812 775 894 potuit
793 813 940 896 hominem
959 833 977 870 a

180 916 283 980 natue
296 927 339 975 tot
352 927 382 976 et
392 926 486 974 tantas
495 915 648 975 facultates
657 914 791 974 sortitum
799 925 872 985 esse,
882 928 915 973 ut
922 935 976 992 par

180 1019 218 1079 sit
238 1018 371 1078 omnibus
389 1016 566 1094 exequendis
585 1017 691 1093 quibus
700 1015 816 1095 juvenis
828 1016 927 1076 labore
942 1035 976 1074 ac

180 1122 386 1182 exercitatione
399 1121 577 1180 assuefactus
590 1134 643 1180 est.

220 1224 296 1284 Aliis
309 1223 411 1282 diebus
424 1223 555 1283 venando
570 1223 724 1294 delectari3
748 1243 800 1299 nec
811 1222 927 1302 ¹Fniday
945 1224 975 1281 in

179 1345 249 1386 arcu
262 1325 433 1402 sagittisque
446 1324 634 1404 conficiendis⁴
651 1327 739 1404 quam
758 1327 790 1385 in
804 1324 974 1384 adhibendis

160 1464 163 1479 ι
179 1427 299 1506 peritior
319 1439 389 1485 erat.
432 1425 512 1485 Aves
532 1427 686 1506 pullosque
703 1427 845 1486 lamamm
858 1426 975 1504 dejicie-

178 1529 258 1599 bant,
272 1528 419 1606 nunquam
431 1530 501 1586 verb
520 1527 618 1607 plures
641 1529 727 1606 quim
749 1529 798 1605 qui
811 1528 867 1587 sibi
880 1539 975 1587 essent

178 1629 217 1689 ad
230 1630 386 1699 vivendum
399 1630 560 1689 necessarii.

218 1730 285 1791 Etsi
297 1744 393 1791 autern
406 1731 548 1791 Robinson
561 1730 672 1790 socium
685 1731 800 1808 ingenio
817 1731 972 1792 industria·

178 1852 235 1911 que
254 1834 397 1902 vincebat,
419 1833 467 1890 hic
493 1844 589 1891 tamen
611 1832 717 1891 multas
739 1845 815 1892 artes
839 1833 971 1902 cadebat,

177 1933 295 2000 domino
313 1933 397 1993 antea
416 1932 540 2010 ignotas,
559 1935 715 1992 tunc'vero
733 1934 858 1994 maxime
874 1934 970 1993 utiles.

178 2034 296 2095 Scilicet
307 2037 387 2095 varia
406 2037 596 2095 instrumenta
616 2056 655 2096 ex
676 2037 799 2108 ossibus,
816 2037 971 2115 lapidibus,

176 2137 302 2207 conchis,
317 2136 438 2213 aliisque
450 2139 536 2195 rebus
550 2137 678 2216 fingebat
686 2139 791 2215 quibus
804 2139 918 2215 lignum
931 2140 972 2197 ita

135 2289 138 2292 ·
176 2249 318 2308 tractabat
330 2261 363 2306 ut
376 2268 434 2307 non
452 2248 580 2325 perfecta
600 2246 695 2307 niinits
717 2261 804 2326 atque
824 2248 971 2307 elaborata

175 2369 264 2429 opera
286 2350 413 2410 efficeret
435 2352 522 2426 quam
543 2352 568 2410 si
589 2352 666 2410 ferro
685 2351 784 2410 excisa
803 2348 900 2409 esseut
920 2362 970 2408 aut

174 2453 323 2515 fabricata.

214 2555 348 2615 Tandem
356 2557 442 2615 horto
451 2558 543 2634 probe
551 2557 677 2627 exculto,
686 2557 747 2616 dies
756 2558 912 2616 constituta
925 2570 971 2615 est

173 2655 968 2738 qudadpatremFridayadducendumprofecturierant.

469 2796 663 2817 monumen

204 2877 355 2944 Emeryere]
390 2881 565 2944 'l'ooomeup
574 2878 661 2943 again.

203 2967 223 3016 Δ
236 2967 332 3015 natas-d
346 2970 467 3016 sortitam
480 2963 545 3031 esse]
580 2966 678 3016 Sbould
688 2965 756 3017 bavo
766 2964 889 3016 received
900 2965 969 3014 from

171 3049 275 3099 natum.

203 3135 324 3188 Oeant'lms
336 3137 501 3201 exequendis]
536 3139 570 3187 Iu
582 3137 746 3202 performing
756 3151 836 3203 every
846 3136 933 3202 thing.

204 3224 334 3287 vallabat]
370 3224 550 3286 Undoratood,
562 3239 613 3274 was
625 3223 719 3275 skilled
731 3226 768 3277 in.

202 3314 248 3364 lta
261 3312 406 3388 tractabat]
444 3312 480 3363 So
492 3315 547 3376 cut,
558 3313 703 3366 scabioned.

99 3469 108 3482 ο
202 3400 394 3466 Addaoeadatm]
430 3401 571 3468 {labringi
