2190 3900
330 347 544 401 ⁴uoruusou
561 347 767 421 causouus
912 313 990 409 stas

157 479 233 558 pulis
254 479 373 540 affixam
390 478 545 541 deferatur.
587 478 628 538 Et
646 500 718 539 mox
734 479 865 560 profecti,
882 478 956 540 horsi

156 581 276 643 dimidie
288 582 339 641 vix
352 581 457 660 elapsi,
468 582 507 642 ad
520 601 624 641 navem
636 581 816 660 perveniunt.

189 674 306 750 Quibus
317 696 386 744 tune
393 684 507 763 gaudiis
514 668 657 743 Robinson
664 682 814 754 exultavit,
823 682 894 743 dum
902 682 954 745 ille

154 785 304 853 adnavem
312 787 458 864 ingentem
466 785 681 866 Europaeanam
695 785 821 846 accedit!
843 783 953 845 Parum

154 889 249 949 abfuit
261 889 332 966 quin
343 889 420 955 latus
433 888 496 967 ejus
509 887 698 951 oscularetur.
740 885 825 948 Adeo
836 886 953 946 charam

151 990 232 1051 illam
244 992 378 1064 habebat,
397 993 476 1071 quod
497 1012 536 1057 ex
556 990 677 1071 Europd
695 987 953 1066 advenerat,un

152 1093 189 1153 ab
203 1093 356 1172 Europaeis
369 1093 521 1166 aedificata,
535 1095 574 1155 ab
588 1093 742 1173 Europaeis
752 1092 811 1151 hirc
824 1091 950 1151 adducta

152 1192 266 1252 fueret!
321 1193 489 1259 charissimi
509 1205 608 1255 autem
632 1194 681 1255 isti
702 1180 849 1273 Europaei,
873 1193 948 1251 heu!

151 1304 334 1364 evanuerant,
366 1294 509 1372 undisque
545 1295 644 1357 forsan
670 1295 768 1355 obruti
792 1293 946 1373 perierant.

153 1391 350 1469 Quaquidem
367 1396 492 1472 suspicio
505 1396 689 1455 acerbissima
700 1394 868 1454 Robinsonis
887 1395 948 1454 ani·

152 1505 238 1552 mum.
245 1495 421 1572 magnopere
431 1493 546 1564 afflixit,
554 1494 605 1570 qui
614 1494 662 1553 vel
675 1493 794 1554 dimidie
800 1495 870 1552 vitae
884 1515 945 1554 suae

152 1609 234 1675 parte
246 1599 337 1661 vitam
350 1614 451 1657 eorum
463 1597 640 1666 redemisset,
650 1609 684 1656 nt
694 1616 759 1656 eum
768 1597 839 1674 ipsis
846 1597 877 1657 in
885 1597 946 1657 Eu·

152 1717 255 1775 ropana
267 1708 467 1769 reverteretur.
510 1696 578 1757 Hae
595 1699 664 1757 vend
679 1699 757 1759 omni
769 1718 821 1777 spe
834 1699 948 1760 sublatis

151 1799 222 1861 nihil
249 1810 407 1876 supererat,
431 1799 486 1858 uisi
502 1810 536 1858 ut
554 1819 593 1858 ex
614 1800 680 1861 navi
692 1811 819 1861 servaret
836 1811 945 1861 tantam

150 1902 357 1980 supelleetilem
369 1914 507 1978 quantam
518 1913 626 1981 posset,
635 1922 755 1980 eamque
768 1903 799 1963 in
810 1904 944 1982 'proprios

151 2023 220 2067 usus
233 2013 421 2073 converteret.
443 2002 546 2081 Itaque
558 2003 628 2063 ratis
641 2024 696 2083 ope
709 2024 813 2064 navem
821 2005 942 2071 eircum-

149 2118 250 2165 veotus
262 2087 315 2175 est,
328 2104 452 2175 fundum
468 2106 555 2165 maris
577 2117 747 2167 tentaturus.
790 2106 850 2167 Sed
870 2127 941 2167 mox

148 2229 206 2274 aon
216 2210 277 2271 sine
288 2190 396 2286 magno
404 2208 505 2267 dolore
518 2208 663 2266 intellexit
672 2210 789 2268 minime
799 2229 863 2274 esse
874 2207 941 2287 spe·

148 2313 271 2373 randum
292 2322 325 2368 ut
342 2309 393 2369 illa
413 2326 540 2384 unquam
553 2308 719 2384 navigaret3
743 2309 849 2387 quippe
872 2297 940 2384 quae

149 2417 222 2473 inter
243 2413 317 2490 duos
338 2410 473 2488 scopulos
499 2408 529 2468 vi
549 2409 727 2487 tempestatis
748 2409 878 2488 conjecta
899 2411 941 2469 ita

147 2516 278 2580 haerebat
289 2523 322 2571 at
334 2511 419 2591 plane
432 2510 542 2591 moveri
554 2529 613 2571 non
622 2521 728 2589 posset.
943 2494 971 2584 'y

187 2615 257 2682 Quo
264 2635 315 2694 sps
323 2613 479 2689 destitutus
486 2611 628 2673 Robinson
635 2632 739 2695 navem
746 2613 938 2674 conscendere

83 2761 86 2767 -
145 2706 936 2799 properat,opesquibusillaonerataeratexploraturus‚

447 2874 608 2895 mun
611 2873 641 2895 u

177 2971 308 3034 Profecti]
340 2970 450 3037 Having
459 2984 528 3035 gone
540 2983 575 3019 on
585 2970 631 3020 the
639 2970 700 3020 rust.
726 2985 730 2992 ·

178 3061 258 3122 Latus
270 3052 338 3121 ejus]
372 3055 431 3107 'l'ho
442 3056 498 3105 side
510 3054 542 3104 os
551 3056 597 3106 tho
607 3056 679 3123 ahin·

180 3126 292 3197 Tantam
302 3142 495 3212 supelleotdemJ
531 3143 566 3193 As
577 3154 654 3209 many
661 3138 821 3222 ριιηιμ·

178 3232 299 3283 Fundam
308 3227 468 3293 tentaturus]
503 3228 547 3279 '1⁸0
561 3222 816 3302 Ιοιωίιῆψ,
826 3230 856 3243 ·¹·

523 3319 566 3375 16
