2190 3900
178 850 200 862 .,
265 770 427 865 cirus
453 791 686 865 uncruuu
719 792 915 867 NONUM.

111 1063 115 1072 ¹
191 1038 343 1101 Robinson
352 1043 624 1125 habitaculumfoscd
633 1045 745 1124 etpalio
756 1042 985 1103 munit-Docet

230 1147 333 1204 socium
342 1143 467 1226 Angiice
475 1145 691 1228 iconie-Anido
698 1147 984 1228 scaptmsatwioare

229 1256 363 1309 statuunt.

192 1485 352 1552 Nonooru
372 1495 449 1563 sane,
468 1513 507 1551 ex
519 1514 577 1570 quo
590 1494 664 1552 hanc
677 1493 708 1551 in
720 1491 844 1565 insulam
855 1486 983 1548 ‘advene-

70 1636 74 1650 .
190 1601 245 1660 rat,
259 1590 354 1651 laetior
366 1594 461 1653 fuerat
472 1595 639 1654 Robinsonis
652 1593 788 1652 conditio.
811 1591 880 1650 Hoc
893 1608 983 1648 unum

190 1704 254 1751 erat
265 1692 309 1752 illi
320 1697 516 1766 metuendum,
537 1716 574 1755 ne
593 1696 709 1754 barbari
724 1704 933 1753 reverterentur
945 1691 984 1750 od

191 1791 286 1850 socios
298 1795 478 1871 repetendot,
491 1794 569 1852 unde
584 1795 666 1852 novis
681 1793 862 1870 cruentisque
874 1789 984 1869 praeliie

191 1889 248 1949 sibi
261 1910 328 1951 cum
341 1895 376 1953 iis
386 1896 555 1955 certandum
562 1895 646 1954 foret.
678 1894 760 1960 Quin
767 1894 815 1952 ille
825 1891 983 1960 cohorruit.

192 1988 264 2050 dum
277 1995 417 2071 cogitaret
433 1997 463 2055 in
477 1998 533 2057 hoc
548 1997 664 2076 ancipiti
678 1996 840 2056 discrimine
852 2013 938 2073 posse
951 2012 984 2053 se

191 2096 310 2166 versari,
323 2098 353 2154 in
366 2117 425 2174 quo
438 2100 493 2159 sibi
505 2099 685 2179 pereundum
705 2111 780 2159 esset
796 2110 847 2158 aut
864 2095 983 2174 sanguis

190 2188 340 2254 hominum
352 2197 580 2275 profundendus.

232 2293 293 2355 Res
305 2297 394 2376 igitur
406 2301 572 2379 postulabat
589 2313 623 2359 ut
635 2300 673 2359 ad
686 2319 768 2359 suam
780 2298 870 2377 ipsius
883 2297 982 2355 defen·

191 2401 302 2465 sionem
323 2405 394 2465 nihil
414 2405 587 2466 intentatum
608 2405 790 2482 relinqueret.
844 2401 911 2460 Jam
932 2401 983 2460 diu

191 2504 389 2591 habitaculum
396 2509 690 2568 suumcastelliinstor
697 2508 809 2565 munire
817 2518 982 2584 optaverat3

191 2588 249 2665 huc
269 2628 361 2688 usque
380 2615 458 2682 vero,
477 2611 605 2689 quandiu
618 2611 730 2668 vixerat
742 2608 895 2677 solitarius,
908 2608 985 2666 hanc

192 2724 274 2787 spmn
285 2710 563 2790 penitiisabjecerat.
585 2711 672 2769 Nunc
681 2722 786 2781 autem,
795 2710 862 2768 ciirn
870 2709 985 2768 adesset

191 2811 287 2872 socius
299 2812 406 2873 loboris
419 2815 531 2874 facilius
543 2816 600 2874 hoc
612 2815 732 2893 aggredi
745 2815 849 2893 potuit.
879 2812 984 2891 Itaque

222 3025 266 3075 Ex
280 3028 344 3091 quo]
376 3027 421 3076 Ex
435 3028 554 3093 tompore
565 3042 627 3094 quo.

223 3113 258 3163 Io
286 3114 332 3164 doc
358 3117 466 3179 ancipiti
493 3116 649 3177 discrimine]
690 3115 725 3165 In
745 3115 800 3166 this
822 3115 984 3182 unpiomnt

191 3198 321 3253 dilemma.

223 3287 345 3352 Ayorodi]
379 3284 561 3338 Undertnken.
