2190 3900
337 393 526 448 ROBINSON
544 394 751 448 CRUSOEUS·
888 392 943 447 w

187 535 205 565 “
219 530 329 590 Forsan
343 543 372 591 et
392 532 463 590 olim
476 532 591 590 dabitur
607 531 644 589 de
665 530 748 589 vobis
766 530 873 603 audire,
888 543 938 591 aut

145 638 164 666 “
179 653 225 691 me
238 633 391 711 aliquando
409 633 526 713 juvabit
544 645 705 693 extremum
727 635 757 693 in
775 634 830 693 hee
845 630 939 694 insulsi
1012 675 1017 681 -

146 739 165 768 “
179 735 249 794 mihi
276 736 422 796 carissimi
447 737 517 795 vitae
539 748 652 815 tempus
674 752 768 813 agere.
820 733 876 794 Vae
899 733 943 794 illi

146 835 228 913 “qui
251 837 360 897 interea
385 838 518 897 instituta
539 859 604 897 mea
627 850 822 916 transgressus
844 837 939 897 fuerit.

146 937 245 1017 “Ego
270 941 415 1000 hominem
436 941 466 999 in
487 940 593 1019 cymbd
615 941 781 1018 impositum
805 940 941 999 fluctibus

145 1045 164 1073 “
178 1041 339 1101 saevissimd
357 1055 529 1121 tempestate
542 1036 658 1120 agitatis
680 1042 791 1101 tradam
807 1043 941 1102 haurien-

147 1147 166 1175 “
180 1142 278 1202 dum.’'
320 1144 377 1203 His
391 1145 506 1215 auditis,
531 1145 679 1204 assensdre
692 1164 792 1203 omnes
805 1144 942 1224 obedien-

149 1247 275 1325 tiamque
289 1244 411 1327 polliciti
425 1263 500 1308 sunt.

188 1347 267 1404 Tum
287 1361 384 1406 noster
401 1369 436 1406 ea
455 1349 567 1406 notavit
588 1369 654 1424 quae
672 1369 771 1407 secum
789 1352 943 1410 aveheret:¹

149 1451 257 1511 scilicet
272 1456 298 1510 1.
314 1449 434 1510 Vestem
452 1473 468 1510 e
482 1450 607 1529 pellibus
622 1472 639 1510 a
653 1473 684 1511 se
697 1454 760 1530 ipso
774 1454 942 1524 confectam,

150 1574 216 1612 cum
222 1553 366 1623 umbelli13
390 1559 418 1610 2.
429 1552 553 1611 Hastam
563 1551 871 1631 propriiquoquearte
878 1575 944 1632 per·

150 1657 263 1726 sectam,
278 1676 376 1715 arcum
388 1657 569 1733 securimque
580 1653 723 1727 siliceam3
740 1663 768 1714 3.
776 1655 944 1729 Psittacum,

151 1775 251 1815 canem
264 1756 408 1825 villosum,
422 1755 571 1830 lamasque
584 1754 657 1812 duos
668 1777 676 1824 3
693 1759 720 1812 4.
737 1753 826 1814 Varia
839 1746 945 1815 instruss

150 1871 247 1918 menta
271 1880 347 1936 quac,
371 1860 437 1918 edm
465 1871 540 1916 esset
566 1856 718 1927 solitarius,
745 1857 944 1918 fabricaverat.

152 1958 209 2016 His
229 1961 339 2018 cunctis
360 1961 390 2017 in
409 1979 511 2017 navem
530 1959 738 2036 transportatis,
762 1949 946 2036 secundoque

151 2060 278 2139 spirante
291 2074 386 2132 vento,
401 2062 535 2139 proximo
549 2061 595 2120 die
605 2061 749 2140 proficisci
757 2063 945 2122 constituunt.

143 2165 168 2223 ’.Ι
170 2187 273 2245 amque
286 2182 400 2246 tempus
410 2167 501 2225 adest.
543 2167 621 2223 Tum
629 2167 771 2224 Robinson
783 2168 946 2243 lacrymans

151 2291 200 2328 eos
215 2271 264 2347 qui
277 2267 435 2326 remansuri
449 2277 531 2323 erant
538 2264 576 2322 ad
589 2265 781 2334 concordiam,
795 2267 946 2342 pietatem·

152 2391 207 2449 que
221 2367 397 2448 sequendam
411 2367 506 2426 denuo
519 2366 660 2435 hortatus,
675 2364 809 2424 ultimum
822 2365 887 2425 vale
899 2388 947 2454 acf

151 2474 263 2545 clamat,
281 2488 309 2533 et
323 2473 477 2532 comitibus
496 2466 605 2548 Friduy
623 2469 828 2548 Dominicoque
845 2474 947 2531 navem

153 2575 331 2637 conscendit.
911 2656 914 2664 Ι
943 2562 947 2585 ⁵

192 2675 386 2739 Felicissimus
401 2677 438 2735 ad
451 2674 659 2753 Hamburgum
673 2695 774 2734 cursus
785 2676 848 2734 fuit.
871 2674 947 2736 (limi

151 2781 947 2875 navemRobiasoaopportunehicinvenissetLondinurii

151 2888 326 2958 tendentem,
332 2889 369 2946 ab
378 2887 559 2946 Germanicae
568 2887 649 2945 navis
657 2887 797 2964 praefecto
807 2880 946 2956 discessit

151 3003 238 3067 atque
252 2989 371 3049 alteram
386 2987 578 3047 conscendere
587 2987 768 3065 properavit:
790 2989 851 3046 haec
865 2984 946 3045 brcri

442 3149 657 3213 ‘mnenon

486 3218 488 3222 ⁴
498 3219 505 3229 Ο

81 3298 84 3305 ’
186 3278 375 3375 Haurieadum]
411 3311 454 3360 'l'o
464 3311 495 3360 be
506 3307 652 3359 swallowcd
664 3276 715 3371 up.
